1667 2584
66 182 143 225 u633.
313 181 411 222 LIBER
428 182 456 223 X.

67 271 138 314 Vivere
147 271 228 327 dignus
238 285 292 313 eras.
303 271 367 325 Quod
375 269 393 311 si
403 269 486 312 felicior
494 285 573 325 essem,

18 340 19 399 i
67 346 107 389 Nee
117 346 172 388 mihi
182 345 314 402 conjugium
324 345 368 387 tata
378 346 503 402 importuna
512 358 626 402 negarent,

69 421 124 464 Unus
133 435 193 470 eras,
204 434 258 463 cum
267 433 312 474 quo
320 419 401 465 sociare
411 420 490 462 cubilia
501 434 611 475 possem.»

94 512 106 531 α
114 494 213 544 Dixerat3
223 504 292 548 utque
303 492 373 541 rudis,
382 493 496 548 primcquc
505 494 610 549 Cupidine
620 505 687 549 tactu,

18 574 19 631 ζ
68 568 129 625 Quod
139 567 193 610 fucit
203 567 317 622 ignorans,
327 575 397 616 amat,
407 577 429 608 et
437 580 482 607 non
491 566 556 609 sentit
565 580 671 610 amorem.

18 644 19 657 ³
67 642 114 683 Jam
123 641 201 684 solitos
211 649 305 696 poscunt
313 653 390 681 cursus
398 639 535 695 populusque
544 650 658 696 paterque;

69 716 141 771 Quum
152 728 189 756 me
198 713 292 756 sollicita
301 712 371 768 proles
381 713 489 769 Neptunia
498 728 549 756 voce

70 791 157 831 invocat
167 788 339 844 Hippomenes.»
348 787 472 844 Cythereia,
481 801 615 842 comprecor,
624 790 681 830 ausis

69 861 139 912 Adsit,
150 860 192 911 ait,
204 859 294 913 uostris;
304 868 338 908 et,
347 873 401 914 quos
410 859 480 909 dedit.
490 859 578 915 adjuvet
587 860 652 915 ignes.
659 877 672 899 u

71 933 150 977 Detulit
159 947 216 976 aura
224 946 298 989 preces
308 934 336 974 ad
346 945 380 973 me
389 946 434 974 non
443 932 516 974 invida
525 932 626 984 blandam

73 1008 175 1063 Metaque
184 1020 248 1057 sum,
258 1004 341 1048 fateor:
351 1019 390 1047 nec
400 1005 446 1061 opis
456 1020 518 1048 mora
527 1006 591 1062 ionga
600 1008 700 1051 dabatur.

101 1100 113 1120 u
121 1084 159 1125 Est
168 1094 227 1137 ager,
237 1079 343 1135 indigente
352 1081 483 1121 Tamuseum
492 1080 581 1122 nomine
590 1081 677 1135 dicum

74 1155 166 1199 Telluris
175 1154 259 1211 Cypriae
268 1166 318 1209 pars
327 1151 422 1208 optima:
434 1167 499 1208 quem
510 1153 563 1194 mibi
573 1155 637 1209 prisci

74 1233 188 1274 Sacravere
198 1242 270 1280 senes,
282 1227 410 1283 templisque
419 1228 518 1271 accedere
528 1228 602 1270 dotem

76 1308 135 1349 Hunc
141 1304 229 1361 jussere
238 1301 305 1344 meis:
316 1300 388 1344 medio
398 1301 452 1344 nitet
461 1302 527 1344 arbor
535 1302 558 1343 in
568 1316 631 1355 arvo,

76 1379 143 1421 Fulva
152 1390 255 1427 comam,
265 1374 325 1417 fulvo
336 1375 401 1417 ramis
410 1375 564 1431 crepitantibus
574 1391 634 1419 auro.

78 1452 130 1495 binc
140 1451 183 1495 tria
194 1449 251 1492 forte
259 1462 309 1491 mea
318 1448 405 1490 veniens
413 1449 513 1505 decerpta
523 1448 620 1492 ferebam

78 1528 147 1568 Aurea
157 1537 226 1581 poma
237 1535 306 1564 manu
314 1537 319 1561 :
328 1521 426 1577 nullique
435 1522 537 1572 videnda,
548 1523 588 1564 nisi
598 1523 650 1578 ipsi,

77 1601 228 1656 Hippomenen
239 1595 294 1646 adii,
304 1595 421 1651 docuique,
431 1596 480 1651 quis
489 1610 540 1638 usus
549 1595 571 1637 in
581 1596 629 1638 illis.

79 1674 142 1731 Signa
151 1673 210 1715 tubae
221 1672 335 1720 dederant,
345 1684 414 1725 quum
425 1684 510 1712 carcere
519 1683 600 1725 pronus
609 1681 699 1727 uterquc

80 1749 174 1795 Emicat.
185 1755 207 1788 et
216 1756 329 1787 summam
339 1743 401 1785 celeri
411 1744 465 1799 pede
476 1743 529 1784 libat
537 1756 633 1786 arenam.

81 1822 143 1863 Posse
153 1828 217 1875 putee
227 1816 276 1858 illos
285 1816 341 1858 sicco
351 1816 407 1858 freta
417 1817 492 1858 radere
501 1830 577 1871 passu,

82 1895 107 1936 Et
115 1892 193 1948 tegetis
203 1903 262 1933 canae
272 1899 353 1932 stantes
362 1902 486 1945 percurrere
496 1889 579 1932 aristas.

81 1968 192 2025 Adjiciuut
201 1965 289 2007 enimus
295 1963 370 2020 juveni
380 1963 505 2019 clamorque
514 1964 628 2020 favorque,

82 2043 198 2097 Verbaque
207 2039 334 2080 dicentum:
346 2055 357 2076 u
365 2039 439 2087 Nune,
450 2051 508 2080 nunc
517 2038 643 2079 incumbere
653 2046 749 2095 tempus,

83 2117 231 2173 Hippomene;
241 2124 345 2169 propera:
355 2126 414 2154 nuuc
424 2112 505 2154 viribus
515 2121 575 2153 utere
585 2113 641 2153 totis.

83 2189 136 2233 Pelle
147 2199 250 2251 moram:
260 2183 338 2227 uinces.
345 2200 357 2224 u
366 2184 464 2228 Dubium
472 2183 591 2239 Megareius
599 2183 663 2226 herus
