1667 2584
63 215 142 267 ιδεμ
310 213 410 255 erret
428 214 455 256 x.
675 212 701 256 ³3

68 306 151 347 Fecerat
160 318 187 346 ex
197 311 260 353 voto,
269 303 389 345 nemorosis
397 303 471 346 abdita
480 303 548 352 silvis,

66 377 208 420 Tmusibant:
218 387 241 418 et
249 376 291 419 lter
300 375 390 432 longum
400 377 530 432 requiescere
538 377 612 420 suasit.

67 449 110 492 lllic
119 450 252 493 concubitus
261 450 411 506 intempestiva
421 451 499 507 cupido

69 525 163 579 Occupat
173 524 335 579 Hippomenen,
344 537 357 565 a
366 523 458 565 numine
466 525 550 567 concita
559 534 641 568 nostro.

69 596 166 639 Luminis
175 595 248 651 exigui
258 594 330 639 fuerat
338 609 405 652 prope
413 596 495 653 templa
505 611 610 649 recessus,

70 668 179 725 Speluucae
188 667 277 719 similis,
287 668 359 711 nativo
368 670 455 725 pumice
465 680 544 724 tectus,

71 744 180 800 Religioue
189 756 251 786 sacer
259 743 339 799 prisca.
349 757 393 799 quo
403 744 473 787 multa
482 746 581 788 sacerdos

71 819 150 875 lignea
159 818 282 863 contulerat
290 829 388 863 veterum
397 819 513 863 simulacra
522 823 623 863 Deorum.

72 893 133 935 liuuc
143 892 195 944 iuit;
206 902 226 935 et
236 892 301 935 vetito
310 902 401 935 temerat
409 894 503 936 sacraria
512 894 600 950 probro.

73 965 137 1008 Sacra
146 974 282 1008 retorserunt
290 964 375 1019 oculos;
386 966 506 1021 turritaque
515 968 590 1018 Mater,

74 1041 105 1082 lu
114 1039 188 1097 Stygia
197 1049 281 1090 sontes,
290 1025 408 1089 dubitavit.
418 1050 523 1096 mergeret
532 1042 598 1084 unda.

17 1138 18 1141 =
75 1114 138 1156 Poeua
147 1112 200 1155 levis
206 1111 254 1155 vira
262 1120 307 1155 est:
317 1125 367 1169 ergo
377 1113 443 1155 modo
452 1113 512 1156 laevia
521 1113 585 1156 fulvae

75 1186 136 1229 Colla
141 1186 204 1242 juba
214 1184 295 1236 velauu
305 1185 366 1242 digiti
375 1196 494 1230 curvantur
502 1187 525 1229 iu
535 1201 631 1243 unguet,

77 1262 107 1304 Ex
115 1259 214 1303 humeris
223 1258 279 1302 armi
288 1258 357 1302 liunt:
368 1259 390 1301 iu
400 1270 487 1315 pectora
497 1269 568 1302 totum

77 1334 165 1377 Pondus
174 1332 233 1375 abit:
242 1346 334 1375 summae
343 1334 412 1375 cauda
422 1344 539 1377 verruntur
547 1348 622 1378 arena.

79 1409 137 1451 lram
147 1406 220 1449 vultus
230 1405 308 1449 habet:
317 1390 358 1461 pro
368 1407 437 1449 verbis
447 1421 562 1451 murmura
570 1410 676 1453 reddunt:

80 1484 119 1525 Pro
129 1481 232 1525 thalamis
242 1478 354 1524 celebrant
359 1481 433 1533 silvam
443 1483 532 1539 aliisque
541 1484 632 1527 timendi

81 1557 148 1599 Beate
157 1564 261 1611 premunt
269 1554 353 1596 domito
361 1554 459 1612 Cybeleia
469 1553 530 1598 frena
538 1554 618 1598 leones.

83 1631 124 1671 llos
134 1639 170 1677 tu,
179 1640 229 1670 care
239 1626 305 1678 nior
315 1640 409 1682 cumque
418 1627 451 1670 hit
460 1642 527 1685 genus
536 1642 602 1670 omne
611 1629 718 1683 ferarum,

84 1703 136 1759 Quae
145 1714 190 1744 nou
200 1710 258 1756 terga
267 1698 336 1756 fuge,
346 1701 383 1742 red
392 1714 470 1757 pugna
479 1709 565 1757 pectora
575 1702 681 1756 prebent,

85 1774 172 1832 Effuge3
182 1787 211 1817 ue
220 1773 288 1816 virtus
297 1782 334 1815 tua
343 1773 371 1816 sit
380 1773 485 1817 dammsa
494 1774 606 1817 duobus.»

114 1922 160 1964 xli.
167 1937 179 1959 α
186 1921 235 1962 lert
243 1918 332 1974 quidem
340 1919 438 1970 monuit,
443 1918 570 1977 junctisque
577 1936 615 1979 per
622 1936 671 1965 aera
679 1922 752 1980 cygnis

86 1993 158 2051 Carpit
167 1993 221 2036 iter:
231 1993 269 2034 sed
278 2001 320 2035 etat
329 1992 418 2034 monitis
427 1993 534 2036 contraria
544 1995 618 2038 virtus.

88 2071 149 2112 rorte
157 2081 221 2111 suem
230 2066 329 2117 latebris,
338 2066 425 2122 vestigia
435 2078 493 2110 certa
502 2069 582 2120 secuti,

25 2134 27 2149 '
88 2141 186 2185 Excivere
195 2153 271 2189 canem
280 2139 380 2195 silvisque
389 2139 446 2182 exire
455 2150 569 2195 parantem

85 2216 172 2260 fixerat
181 2213 273 2271 obliquo
278 2211 366 2271 juvenis
374 2212 487 2270 Cinyreius
496 2213 547 2256 ictu.
