1667 2584
70 206 90 235 v.
103 194 154 237 36⁵.
320 190 419 239 LIBER
437 196 464 237 x.

68 286 119 326 lien
131 283 263 328 intellectam
272 298 348 328 vocem
357 285 476 336 collandat;
486 294 518 335 et,
529 302 540 324 u
548 286 597 328 Esto

70 360 126 403 Tam
133 359 171 416 pia
180 373 278 417 semper,
288 360 329 403 ait!
338 377 350 399 u
359 361 446 403 Pietatis
454 360 543 403 nomine
552 360 621 410 dicto,

69 433 160 477 Demisit
169 434 255 486 vultus,
265 434 349 477 sceleris
358 434 399 478 sibi
408 434 505 483 conseia,
514 434 581 489 virgo.

99 523 111 546 α
118 508 195 550 Noctis
204 519 251 550 erat
260 508 370 559 medium,
380 522 486 564 curasque
494 519 516 550 et
524 516 612 563 pectora
620 517 711 548 somnus

67 579 177 623 Solverat:
187 589 210 624 at
219 580 280 637 virgo
289 581 386 639 Cinyreia
394 581 483 638 pervigil
492 581 536 636 igni

69 653 171 710 Carpitur
180 653 300 705 indomito,
310 653 434 711 furiosaque
443 666 492 697 rota
502 664 609 697 retractat

69 729 94 770 Et
105 728 173 769 modo
182 728 292 783 desperat,
303 728 369 770 modo
378 728 425 771 vult
434 738 528 772 tentare:
538 727 658 783 pudetque,

68 803 94 844 Et
103 802 176 858 cupit;
187 811 220 852 et,
230 802 289 858 quod
298 813 360 858 agat,
368 816 413 845 non
423 803 510 845 invenie
521 804 590 857 thue
597 799 667 843 securi

68 874 146 918 Saucia
156 875 217 917 trabs
226 875 312 933 ingens,
322 875 360 918 uhi
369 875 433 932 plaga
442 874 559 918 norissima
568 881 645 923 restat,

66 949 115 1008 Quo
125 949 203 1000 eadat,
213 948 236 991 in
247 948 314 990 dnbio
324 958 368 1001 est,
376 948 481 1004 omnique
489 962 503 991 a
511 958 572 1004 parte
581 947 684 990 timetur:

67 1023 100 1066 Sic
110 1022 200 1065 animus
210 1022 270 1064 varin
279 1020 400 1064 labefactus
409 1020 498 1064 vulnere
506 1031 570 1064 nutat

68 1097 115 1138 llue
125 1093 190 1143 levis,
199 1103 265 1149 atque
274 1093 337 1144 illuc,
348 1104 502 1150 momentaque
511 1095 579 1137 sumit
588 1103 687 1148 utroque.

68 1170 114 1210 Nee
124 1168 206 1210 modus
214 1176 253 1209 aut
262 1167 356 1222 requies,
365 1167 406 1210 nisi
415 1181 486 1217 mers,
497 1168 603 1224 reperitur
611 1166 699 1209 amoris.

69 1243 127 1284 lior-s
136 1239 215 1297 placet.
226 1239 331 1297 Erigitur,
341 1239 461 1297 laqueoque
470 1242 578 1283 innectere
587 1239 660 1283 fauces

70 1314 178 1365 Destinat;
188 1323 222 1365 et,
231 1326 284 1356 zone
293 1327 381 1356 summo
390 1314 417 1356 tle
427 1324 487 1370 poste
496 1315 602 1365 revincta,

71 1390 154 1439 «Care,
164 1387 224 1437 vale,
233 1387 321 1444 cinyra,
331 1400 464 1442 causamque
472 1388 566 1444 intellige
576 1387 662 1439 mortis,

71 1462 140 1506 uixit:
150 1478 162 1500 »
173 1470 195 1503 et
203 1460 295 1517 aptabat
303 1458 392 1516 pallenti
401 1461 487 1504 vincula
495 1461 558 1504 eollo.

72 1536 188 1577 Murmura
198 1533 315 1576 verborum
324 1531 378 1576 fidas
387 1534 478 1577 nutricis
486 1535 514 1577 ad
523 1549 586 1578 aures

71 1607 193 1651 Pervenisse
203 1605 289 1655 lerunt,
298 1605 365 1650 limen
373 1608 478 1652 servantis
487 1608 588 1652 alumne.

71 1683 144 1739 Surgit
153 1696 221 1733 anus,
230 1691 353 1737 reseratque
362 1682 430 1734 fores;
441 1683 560 1738 mortisque
569 1692 649 1738 parate

69 1760 220 1801 Instrumenta
228 1756 314 1808 videns,
323 1757 393 1813 spatie
401 1757 524 1801 conclamat
533 1758 620 1809 eodem,
670 1766 673 1771 ⁴

71 1833 140 1887 Seque
150 1830 213 1881 ferit,
222 1829 342 1887 scinditque
352 1832 424 1883 sinus,
432 1841 548 1887 ereptaque
557 1831 612 1874 collo

72 1905 166 1949 Vincula
175 1904 279 1948 dilaniat:
290 1915 338 1948 tum
348 1906 441 1962 denique
450 1906 501 1949 llere
510 1907 603 1959 vaeaviu

71 1980 128 2023 'lum
137 1980 190 2022 dare
197 1977 335 2035 complexus,
344 1978 458 2035 laqueique
467 1980 576 2035 requirere
585 1993 681 2023 eausam.

72 2056 131 2097 Muta
139 2053 189 2096 silet
197 2052 269 2108 virgo.
280 2062 403 2109 terramque
412 2053 505 2097 immota
515 2064 599 2106 tuetur;

73 2129 98 2170 Et
106 2128 212 2184 deprensa
221 2124 281 2169 dolet
291 2128 356 2169 tardae
366 2128 482 2170 conamina
492 2127 575 2170 mortis.

73 2202 139 2246 Instat
147 2215 216 2255 auus3
226 2214 335 2257 canosque
344 2214 407 2255 suos,
416 2211 438 2245 ct
447 2201 520 2244 inania
529 2200 614 2243 nudans
