1667 2584
18 134 20 241 l
79 157 155 213 resq.
304 157 405 199 traua
422 158 482 200 xr1.
684 160 711 201 ss

18 280 19 289 ,
80 245 202 286 Praxineam
210 245 282 294 misit,
291 245 372 287 mentis
380 258 467 301 quoque
476 245 569 296 viribus,
580 246 677 298 hastam,

81 319 128 376 Qua
138 318 230 361 laterum
241 328 323 361 cratem
333 319 466 375 perrumpit,
476 328 497 360 et
506 319 589 362 ossibus
598 320 680 363 haereus

81 393 196 435 Intremuit
206 392 282 436 Trahit
290 392 326 434 ille
335 406 403 437 manu
413 393 459 434 sine
468 394 555 449 cuspide
564 393 659 449 lignum

81 465 103 506 ld
111 479 197 520 quoque
206 465 241 507 vix
251 465 360 521 sequitur:
372 466 443 521 cuspis
452 466 556 521 pulmone
565 476 647 510 retenta
655 477 693 510 est.

80 539 123 593 lpse
131 538 194 581 dolor
202 539 258 580 vires
267 538 343 580 animo
351 538 417 580 dabat
425 555 430 579 :
440 552 495 594 aeger
503 538 525 580 in
535 539 620 580 hostem

80 609 177 665 Erigitur,
186 610 320 667 pedibusque
329 610 401 652 virum
410 609 521 667 proculcat
530 611 620 665 equinis.

80 682 159 737 Excipit
168 682 204 724 ille
213 682 269 724 ictus
278 683 338 738 galea
348 682 465 739 clypeoque
474 692 586 732 sonantes,

18 808 19 811 Ἴ
80 754 220 811 Befensatque
229 756 344 806 humeros,
354 765 500 810 protentaque
509 754 600 799 sustinet
609 768 682 800 arma:

79 831 156 884 Perque
166 843 240 871 armos
249 843 294 877 uno
304 830 349 871 duo
358 838 445 884 pectora
453 828 549 884 perforat
558 828 610 869 ictu.

80 907 131 946 Ante
140 913 216 945 tamen
225 903 268 945 leto
277 904 366 945 dederat
375 902 496 958 Phlegraeon
507 913 528 944 et
537 901 603 959 Hylen

80 976 179 1028 Emiuus3
189 976 322 1037 liiphinoum
333 974 411 1018 collato
421 978 499 1026 Marte,
510 975 634 1031 Claninque.

79 1049 169 1092 luditur
178 1049 211 1090 hie
221 1050 321 1107 Dorylas:
331 1048 369 1103 qui
379 1058 477 1105 tempora
487 1059 542 1092 tecta
550 1050 638 1106 gerebat

81 1121 133 1163 Pelle
142 1121 202 1178 lupi,
212 1122 303 1176 stetique
312 1120 381 1162 vicem
392 1121 514 1175 prestantia
523 1120 559 1163 teli

80 1196 165 1237 Cornua
175 1209 226 1237 vara
235 1196 303 1239 houm
314 1192 385 1236 multo
395 1194 506 1237 rubefacta
515 1208 599 1236 cruore.

80 1268 131 1310 lluic
140 1281 191 1323 ego,
201 1281 254 1310 nam
263 1268 318 1311 vires
328 1267 415 1311 animus
426 1268 503 1318 dabat,
513 1284 524 1304 «
533 1266 633 1321 Adspice,
642 1266 696 1317 dixi,

81 1343 192 1400 Quantum
202 1342 324 1384 concedant
333 1351 407 1385 nostro
417 1350 455 1383 tua
464 1355 545 1383 cornua
556 1340 613 1383 ferro
621 1357 626 1382 :
633 1358 644 1379 o

80 1417 104 1458 Et
109 1414 212 1470 jaculum
223 1414 356 1472 torsi„Quod
364 1427 434 1470 quum
445 1413 511 1457 vitare
520 1415 632 1471 nequiret,

82 1489 186 1546 Opposuit
194 1489 293 1533 dextram
304 1501 397 1543 passure
405 1487 495 1531 vulnera
505 1488 579 1530 fronti.

81 1563 155 1607 ldfixa
164 1572 196 1605 est
205 1577 256 1609 cum
267 1562 339 1604 fronte
349 1575 435 1603 manus.
445 1562 477 1604 Fit
486 1550 568 1604 clamor
577 1580 581 1604 :
591 1571 614 1604 at
622 1561 685 1605 illum

82 1639 202 1680 llaerentem
211 1635 295 1686 Peleus,
305 1644 327 1676 et
335 1634 413 1677 acerbo
423 1633 510 1679 vulnere
519 1635 601 1676 victum

18 1720 19 1729 ¹
82 1711 170 1765 (Stabat
179 1709 239 1751 enim
248 1707 350 1765 propior)
360 1707 455 1749 mediam
465 1707 515 1750 ferit
524 1722 573 1750 ense
582 1709 622 1750 suh
632 1708 712 1751 alvum.

82 1783 194 1833 Prosiluit,
204 1792 303 1837 terraque
313 1780 373 1822 ferox
382 1794 422 1822 sua
431 1781 511 1823 viscera
522 1781 596 1832 traxit,

83 1859 202 1913 Tractaque
211 1856 311 1906 calcavit,
321 1853 444 1910 calcataque
455 1855 522 1910 rupit;
532 1865 554 1898 et
563 1855 604 1898 illis

83 1931 151 1972 Crura
160 1943 247 1985 quoque
256 1926 366 1984 impediit,
376 1937 397 1969 et
406 1927 465 1970 inani
475 1928 568 1969 concidit
577 1927 632 1968 alvo.

113 2021 125 2043 α
131 2006 177 2045 Nec
188 2013 207 2045 te
217 2011 352 2058 pugnantem
361 2009 411 2051 tua,
420 2000 513 2056 Cyllare,
523 1999 595 2039 forma
604 1996 706 2047 redemit,

83 2075 104 2118 si
114 2076 183 2118 modo
192 2084 274 2117 naturas
283 2073 379 2115 formam
389 2072 527 2113 concedimus
537 2069 574 2109 illi.

84 2151 152 2196 Barba
161 2159 209 2193 eret
217 2148 333 2206 incipieue5
342 2146 415 2189 barbae
425 2144 484 2187 color
494 2154 585 2184 aureus:
595 2151 660 2179 aurea
680 2170 682 2175 .
