1667 2584
105 231 130 272 18
243 228 585 274 fttETttloueflosuott
657 233 742 276 met.

101 318 155 361 Cere
164 319 303 370 remollescit,
314 330 447 376 tractatuque
456 320 542 376 pollice,
552 319 632 363 multas

103 391 205 436 Flectitur
213 394 236 436 in
246 394 320 445 faciet,
331 396 420 451 ipsoque
430 395 455 437 fit
464 395 523 437 utilis
532 408 580 437 usu.

103 467 160 508 Dum
169 478 251 523 stupet,
261 479 282 512 et
292 469 367 512 timide
376 470 464 523 gendet,
475 468 563 524 fallique
572 478 669 520 veretur,

103 541 185 583 Rursus
193 557 280 593 amans,
290 556 407 599 rursusque
417 555 531 584 munusue
542 552 591 585 vota
600 552 709 585 retractat.

102 616 186 671 Corpus
195 628 253 660 erat:
263 618 343 661 snlinnt
353 627 438 660 tentate
446 617 594 673 pollicerenae.

104 689 161 731 Tum
171 704 222 733 vero
231 691 322 747 Paphius
331 691 454 748 plenissima
464 691 557 747 concipit
565 691 629 734 heros

103 762 187 813 Verba,
196 763 275 819 quibus
286 764 362 806 Veneri
371 775 440 820 grates
449 773 509 819 agot:
519 777 599 819 oreque
610 764 698 807 tandem

103 837 144 878 Ore
153 849 193 878 suo
203 850 247 879 non
257 836 310 880 inlsn
319 838 409 893 premit,
419 838 512 893 dataque
520 835 593 878 osenln
602 838 662 892 virgo

102 910 183 959 Sensit,
192 920 215 953 et
223 910 321 960 erubuit;
332 910 477 964 timidumque
487 911 514 952 etl
523 910 607 952 lumina
616 910 691 953 lumen

103 981 217 1033 Attollens,
226 983 308 1039 pariter
316 997 368 1026 cum
377 983 431 1026 coelo
441 983 494 1026 vidit
502 992 619 1027 amentem.

102 1054 219 1111 Conjngio,
228 1057 288 1111 quod
297 1055 359 1105 fecit,
369 1057 429 1098 ndeet
438 1058 490 1106 Dea;
497 1056 589 1111 Jamque
598 1057 678 1101 conctis

103 1131 211 1174 Cornibus
220 1130 242 1173 in
252 1130 340 1186 plenum
351 1129 424 1172 novies
432 1127 546 1171 lunaribus
555 1130 643 1180 orbem,

103 1204 143 1248 llle
152 1205 239 1261 Paphon
248 1204 333 1261 genuit,
343 1204 420 1259 dequo
430 1213 487 1246 tenet
496 1201 566 1244 insula
575 1216 663 1245 nomen.

135 1353 172 1394 tx.
183 1368 194 1390 u
203 1353 281 1394 Eorrns
291 1351 331 1394 linc
341 1350 377 1394 ille
386 1360 428 1398 est,
438 1350 487 1405 qni,
496 1350 514 1392 ei
523 1349 569 1392 sine
577 1349 637 1406 prole
647 1348 740 1405 fuisset,

107 1425 168 1466 lnter
176 1422 248 1466 felices
255 1423 344 1481 Cinyrae
353 1424 457 1479 potuisset
465 1423 546 1465 heberi.

105 1498 155 1540 ntra
163 1510 247 1539 onnam.
258 1498 329 1547 Neue,
337 1497 412 1552 procul
424 1496 485 1545 ltine,
494 1494 570 1551 procul
580 1504 634 1546 este,
644 1505 754 1552 parentes.

105 1572 160 1617 Ant.
171 1571 246 1611 mensi
255 1579 333 1612 vestrae
343 1568 471 1612 mulcebunt
479 1568 576 1610 carolina
585 1579 680 1623 mentes,

104 1643 162 1686 Ilesit
172 1642 194 1684 in
204 1642 244 1684 huo
254 1641 307 1684 mibi
317 1641 450 1698 perutiles,
460 1655 499 1683 neo
508 1642 587 1684 credite
596 1641 695 1686 factum:

105 1717 157 1765 Vel,
166 1718 184 1758 si
194 1715 293 1766 credetis,
304 1715 354 1758 facti
363 1730 451 1774 quoqne
460 1715 539 1758 credite
549 1729 642 1771 poennm.

105 1791 126 1834 Si
137 1801 209 1835 tamen
219 1791 337 1834 admistum
347 1791 398 1833 sinit
407 1792 449 1833 hoo
460 1792 542 1833 Natura
551 1790 629 1843 videri,

105 1864 210 1907 Gentibus
219 1863 323 1911 lomariis,
333 1873 354 1906 et
364 1873 438 1906 nostro
447 1863 544 1919 gratulor
553 1863 600 1905 orbi
609 1879 613 1904 :

105 1939 207 1982 Gratulor
216 1937 266 1978 huic
276 1946 348 1983 terre,
357 1939 417 1992 quod
426 1939 486 1981 abest
496 1938 618 1993 regionibus
627 1938 681 1991 illis,

106 2014 159 2068 Quae
168 2020 254 2054 tentum
263 2023 356 2063 genuere
365 2009 432 2051 nefus.
442 2011 472 2052 sit
481 2011 538 2052 dives
547 2023 648 2062 amomo,

106 2086 267 2140 cinnamaque,
277 2092 405 2138 costumque
414 2097 489 2134 sunm,
498 2085 618 2139 sudataque
626 2084 686 2142 ligno

107 2159 166 2201 Turn
175 2157 241 2206 feret,
253 2156 359 2214 lloresqne
368 2157 421 2199 nlios
431 2158 535 2200 Panchaia
545 2157 620 2210 tellus,

106 2232 162 2278 llum
173 2229 228 2272 serat
236 2239 258 2272 et
270 2229 393 2288 Myrrham:
404 2230 458 2274 tnnti
468 2244 524 2274 nove
531 2244 577 2274 non
587 2229 629 2279 fuit
637 2233 711 2278 arbos,
