1667 2584
112 151 151 193 186
261 147 591 190 Murtntonrfloston
665 148 750 203 v.396.

106 237 166 280 Ilicet
174 237 197 278 iu
207 236 285 285 ramis,
295 235 418 279 tremulaeve
428 235 542 278 cacumine
550 234 639 290 palme,

108 311 219 366 Unguibus
228 319 249 352 et
258 311 330 366 pando
339 310 417 352 nidum
427 308 468 351 sibi
478 309 584 352 construit
593 322 638 351 ore.

106 386 155 441 Quo
164 384 230 426 simul
239 398 264 427 ar
273 385 350 435 casias,
360 394 382 426 et
391 383 456 425 nardi
463 383 515 426 leuis
525 383 612 434 aristus,

106 459 229 515 Quassatque
239 470 290 499 cum
300 456 358 499 mlvi
368 455 485 498 substravit
494 455 596 498 oinnuma
606 455 709 511 myrrha5

106 532 132 572 Se
141 544 206 586 super
214 529 322 585 imponit,
332 528 424 583 finitque
433 528 455 570 in
466 528 569 570 odoribus
577 542 657 571 evum.

104 605 157 645 lnde
167 602 251 654 ferunt,
261 603 351 646 totidem
360 602 398 658 qui
408 602 477 644 vivere
486 603 564 646 debeat
573 616 659 655 tetanos,⁴
707 657 710 661 ν

103 679 197 733 Corpore
206 679 232 720 de
241 677 311 733 patrio
319 691 410 733 parvum
420 677 518 720 Phoenica
529 677 618 720 renasci.

104 752 179 807 Quum
189 751 248 793 dedit
258 750 308 792 huic
317 760 368 792 aetae
378 749 444 800 vires,
453 749 557 805 onerique
567 749 658 793 ferendo
667 760 713 799 est,

103 827 235 869 Ponderibus
244 825 289 871 nidi
299 840 371 868 ramos
381 825 436 868 levat
445 826 528 867 arboris
537 825 597 876 niue,

103 902 194 956 Fertque
203 900 251 956 pius
261 912 370 961 eunafflue
379 912 441 949 suas,
450 898 589 955 patriumque
598 900 739 955 sepulcrum

102 974 183 1025 Perque
192 971 247 1013 leves
257 984 320 1012 auras
330 970 455 1026 Hyperionis
465 971 518 1013 urbe
527 971 621 1026 potitus,

102 1047 156 1086 Ante
166 1044 222 1086 fores
232 1057 301 1085 sacms
311 1043 437 1099 Hyperionis
446 1044 490 1086 nde
499 1044 592 1099 reponit

101 1117 122 1157 Si
133 1127 206 1158 tamen
215 1126 247 1158 est
255 1114 336 1170 aliquid
346 1115 406 1157 mirre
415 1115 516 1158 novitatis
525 1115 549 1157 in
558 1116 615 1166 istis;

101 1189 211 1232 diteruare
220 1190 286 1240 vires,
295 1198 317 1231 et
326 1201 374 1243 quae
383 1189 450 1230 modo
459 1188 541 1237 femina
551 1198 611 1244 tergo

102 1266 162 1305 Passa
172 1277 254 1306 marem
263 1272 306 1314 est,
315 1276 374 1305 nuno
383 1277 428 1306 esse
438 1276 522 1305 marem
532 1263 641 1306 miremur
649 1264 757 1322 hyaenam.

98 1341 123 1380 ld
134 1351 234 1394 quoque.
243 1337 302 1391 quod
311 1336 380 1378 ventis
388 1335 470 1379 animal
479 1337 576 1378 nutritur
584 1345 606 1377 et
614 1350 682 1389 aura,

98 1412 198 1456 Protinus
208 1408 324 1451 adsimulat
334 1418 394 1452 tactu
403 1422 544 1464 quoscunque
554 1408 644 1451 colores.

98 1488 160 1529 Victn
170 1481 297 1526 racemifero
306 1480 378 1537 lyncas
388 1481 447 1524 dedit
456 1481 515 1523 india
525 1481 621 1523 Baccho:

97 1564 113 1603 E
122 1560 213 1616 quibus,
222 1565 247 1599 ut
257 1565 391 1606 memorant,
400 1554 507 1610 quidquid
517 1555 585 1598 vesica
595 1557 693 1608 remisit,

97 1635 195 1677 Vertitur
203 1633 226 1674 in
235 1630 327 1685 lapides,
337 1639 359 1671 et
368 1628 467 1685 congelat
476 1643 523 1672 aere
533 1638 597 1672 tacto.

97 1709 130 1750 Sic
139 1717 161 1750 et
169 1704 341 1758 curuliumque
351 1703 448 1759 primum
458 1702 548 1758 contigit
556 1716 621 1744 auras

96 1784 213 1835 'l'empore,
222 1777 327 1819 durescit:
338 1775 410 1818 mollis
419 1775 461 1817 fuir
470 1775 537 1817 herba
546 1776 588 1817 sub
598 1777 672 1819 undis.

125 1853 226 1892 «neserer
235 1858 284 1890 unte
295 1847 351 1898 dies,
361 1856 382 1889 et
391 1846 467 1906 inalto
476 1847 567 1891 Phoebus
577 1847 670 1890 anhelos

95 1929 185 1979 loquore
194 1922 260 1976 tinmt
269 1934 346 1975 equos,
355 1934 421 1975 quam
432 1934 551 1975 consequar
559 1920 635 1965 omnia
644 1922 721 1975 dictis,

95 2001 118 2037 ln
128 1996 207 2050 speeies
217 1993 318 2036 translata
327 2006 400 2035 novas.
410 1994 444 2036 Sic
454 2004 551 2050 tempore
560 1994 613 2036 verti
687 2004 690 2007 ·

92 2068 204 2110 Cernimus
212 2099 218 2115 ‚
227 2075 291 2121 atque
301 2065 347 2107 illas
356 2067 470 2111 adsumere
479 2068 558 2110 robora
566 2077 652 2123 gentes,

91 2139 206 2181 Concidere
217 2139 260 2179 has.
271 2139 304 2180 Sic
314 2152 393 2197 magna
402 2141 445 2183 luit
451 2156 559 2196 censuque
568 2141 676 2198 virisque,
