1667 2584
77 195 97 223 v.
111 187 162 239 ²59·
328 151 429 223 ulaatt
445 184 477 223 11.
679 186 718 224 2⁵1

76 270 187 313 Sumserit
196 270 298 321 Annalem
308 268 363 311 nihil
372 278 405 311 est
413 269 518 311 hirsutius
528 269 580 312 illis:

105 345 173 386 Facta
182 342 211 385 sit
221 343 278 385 uude
288 355 365 398 parens
375 341 424 393 uia,
433 354 512 397 nempe
521 342 584 397 leget.

76 417 197 469 Sumserit,
207 417 324 460 AEneadum
334 417 425 473 genitrix
435 416 474 458 ubi
483 399 565 472 prin1a3
576 418 679 472 requiret,

106 491 228 534 AEueaduru
237 491 328 547 genitrix
338 492 396 533 unde
405 491 433 533 sit
441 489 500 531 alma
509 491 589 532 Venus.

13 591 14 624 3
76 566 197 619 Persequar
205 562 307 615 iuferius,
317 564 383 606 modo
393 562 410 605 si
421 562 470 604 licet
479 561 554 604 ordine
563 560 614 603 ferri
623 594 628 612 ,

106 641 171 680 Posse
180 652 258 680 nocere
267 639 345 681 animis
354 637 459 680 carminis
468 651 534 679 omne
543 650 618 692 genus.

76 715 128 755 Non
140 723 214 755 tumen
223 711 303 755 idcirco
313 713 395 755 crimen
405 712 460 754 liber
470 711 541 754 omnis
551 710 652 753 habebit:

107 785 144 829 Nii
154 786 255 842 prodest,
265 788 325 841 quod
334 800 379 828 non
390 785 466 828 tedere
475 785 542 841 possit
550 785 615 827 idem.

77 863 130 918 igue
139 860 193 916 quid
203 860 289 903 utilius!
298 861 316 902 si
326 861 374 916 quis
385 871 458 904 tamen
468 874 530 902 urere
540 869 595 902 tecta

13 985 14 992 ἵ
107 936 238 990 Comparat‚
248 936 339 977 audaces
349 934 438 977 instruit
447 934 496 990 igne
506 948 591 977 manus.

13 995 15 1002 ‚
78 1009 147 1065 Eripit
157 1009 280 1060 interdum,
289 1008 355 1050 modo
365 1008 402 1051 dat
412 1008 520 1050 medicina
529 1007 635 1051 salutern:

13 1069 15 1074 ,
109 1086 205 1142 Quaque
212 1083 292 1139 juvans
301 1093 420 1133 monstrat,
429 1097 520 1140 queque
529 1084 556 1127 sit
565 1083 632 1125 herba
641 1094 728 1128 nocens.

80 1160 107 1202 Et
116 1158 185 1207 latro,
197 1166 219 1200 et
227 1168 304 1200 cautus
313 1157 453 1213 praecingitur
460 1171 510 1198 ense
520 1157 599 1199 viator:

109 1232 147 1275 llle
157 1234 194 1274 sed
204 1232 303 1283 iusidias,
314 1233 349 1274 hic
359 1232 399 1274 sibi
409 1241 482 1287 portat
491 1244 563 1287 opem.

81 1307 188 1357 Ducitur,
198 1306 303 1349 innocuas
313 1315 339 1348 ut
347 1314 409 1361 agat,
420 1304 533 1355 facundia,
543 1318 629 1346 causas:

109 1379 204 1436 Protegit
212 1379 257 1421 haec
267 1389 351 1430 sontes,
360 1378 524 1433 immeritosque
533 1376 619 1433 prernit.

81 1453 114 1496 Sic
124 1453 190 1509 igitur
200 1447 302 1503 carmen,
312 1462 370 1495 recta
379 1453 396 1494 si
407 1461 480 1495 mente
489 1451 580 1508 legatur,

109 1526 223 1570 Constabit
232 1525 285 1568 nulii
295 1540 357 1583 posse
366 1540 443 1569 nocere
454 1539 537 1569 meum.

80 1603 106 1644 tt
115 1601 221 1657 quiddam
230 1600 276 1643 vitii
285 1600 410 1656 quicunque
420 1600 471 1642 hinc
480 1600 587 1655 concipit,
596 1609 653 1642 errat
663 1616 666 1638 :

109 1677 136 1719 Et
144 1673 240 1716 nimium
249 1674 333 1730 scriptis
342 1675 433 1730 abrogat
442 1673 477 1715 ilie
488 1673 549 1715 meis.

81 1752 109 1791 tu
119 1759 193 1791 nmen
202 1746 243 1789 hoc
254 1746 332 1799 fatear,
342 1746 388 1789 ludi
397 1760 485 1803 quoque
494 1745 578 1788 semina
587 1747 684 1802 prebent

112 1821 217 1878 Nequitia
226 1838 230 1863 :
241 1821 287 1865 tolli
296 1832 341 1865 tota
351 1822 435 1865 theatra
439 1822 496 1878 jube
505 1842 511 1877 ς

83 1896 184 1939 Peccandi
194 1909 282 1939 causam
292 1911 340 1953 quae
350 1896 425 1940 multis
433 1912 488 1954 saepe
497 1898 615 1948 dederunt,

111 1969 188 2013 Martia
197 1983 267 2025 quum
277 1971 359 2013 durum
368 1971 449 2015 sternit
458 1986 523 2014 arena
531 1972 612 2014 soium.

83 2044 181 2090 Toliatur
189 2045 274 2100 Cimus3
283 2059 329 2088 nou
339 2055 387 2089 tuta
395 2046 482 2090 licentia
491 2048 546 2090 Circi
555 2064 560 2088 ς

110 2119 148 2161 Hic
157 2119 217 2161 sedet
225 2118 299 2174 ignoto
306 2120 385 2175 juncta
394 2121 467 2177 puelia
476 2121 529 2164 viro.

82 2196 154 2250 Quum
164 2195 263 2249 quadum
273 2194 394 2251 spatientur
403 2197 426 2238 in
436 2197 488 2250 huc,
499 2206 524 2241 ut
532 2205 618 2239 amator
628 2196 704 2238 eadum
