1667 2584
130 220 157 250 aa
280 207 612 251 Msstlmonruosnon
684 208 779 265 '¹⁸9²-

131 298 212 349 Ubera,
221 311 260 354 per
269 311 335 341 cunas
344 298 490 353 alimentaque
499 298 570 354 prima
579 305 690 353 precatur,

133 370 162 412 Ut
170 369 211 411 sibi
220 370 355 421 committat,
364 370 471 426 quidquid
479 369 538 413 dolet
547 387 552 412 :
562 369 598 412 illa
608 380 723 425 rogantem

132 443 232 485 Aversata
241 444 313 499 gemit.
323 446 384 487 Certa
394 454 426 486 est
435 443 544 499 exquirere
552 443 639 485 nutrix:

133 516 179 557 Nee
187 516 256 558 solam
265 518 370 574 spondere
379 517 453 559 fidem.
464 535 475 556 «
482 517 530 568 Dic,
540 516 620 572 inquit,
631 529 743 572 opemque

133 591 167 632 Me
176 590 221 632 sine
231 589 286 633 ferre
296 591 347 634 tihi:
357 605 402 634 nou
411 602 443 634 est
453 605 502 634 mea
510 590 571 647 pigra
579 601 683 632 senectus.

134 662 177 703 Seu
187 661 248 705 furor
256 674 298 711 est,
308 664 378 705 habeo
386 678 434 721 quae
444 664 541 705 carmine
550 672 620 713 sanet,
630 672 652 705 et
661 662 743 705 lrerbis.

135 734 181 778 Sive
192 736 270 791 aliquis
280 737 365 787 nocuit,
375 738 459 794 magico
467 736 585 780 lustrabere
594 736 644 778 ritu.

135 807 182 850 Sive
191 818 223 851 est
232 809 264 852 ira
272 811 352 859 neam,
362 810 427 853 sacris
436 809 547 865 placabilis
556 809 593 851 ita.

136 882 193 941 Quid
202 896 250 925 rear
258 883 359 926 ulterius?
368 893 425 925 certe
435 882 523 925 lortuna
531 883 653 937 domusque

137 958 223 1011 Sospes,
233 966 254 998 et
263 955 286 998 in
295 970 360 999 cursu
369 966 414 998 est:
424 956 499 998 vivunt
508 956 641 1011 genitrixque
650 963 768 1011 paterque.
778 976 791 997 »

138 1029 236 1085 Myrrha,
246 1039 306 1084 patre
316 1028 400 1077 audito,
410 1029 502 1085 suspiria
511 1029 573 1071 duxit
581 1029 609 1071 ab
618 1028 664 1069 imo

138 1103 237 1144 Pectore:
247 1115 286 1144 nec
296 1102 369 1145 nutrix
378 1102 499 1144 etiamnum
509 1101 603 1157 concipit
613 1100 684 1143 ullum

140 1178 211 1218 lllente
221 1175 291 1226 ueias;
301 1176 439 1232 aliquemque
449 1187 521 1220 tamen
531 1176 641 1233 prasentia
649 1189 767 1230 amorem3

139 1251 286 1307 Propositique
296 1260 369 1300 tenax,
379 1252 524 1308 quodcunque
533 1252 571 1300 sit,
581 1260 639 1299 orat,
650 1261 675 1293 ut
685 1249 734 1307 ipsi.

140 1324 232 1375 ludicet;
242 1334 264 1367 et
272 1325 354 1380 gremio
364 1324 520 1382 lacrymantem
532 1323 587 1367 tollit
595 1324 660 1366 anili:

141 1401 210 1453 Atque
221 1399 250 1441 ita
259 1398 405 1453 complectens
412 1397 505 1440 infirmis
515 1397 569 1440 colla
579 1397 676 1447 lacertis,

142 1470 280 1521 «Sensimus,
288 1472 437 1528 iuquit,amas
443 1489 448 1513 :
455 1482 477 1514 et
484 1473 506 1514 iu
514 1471 555 1514 hoc
563 1485 612 1513 mea
619 1470 685 1527 (poue
693 1472 812 1533 timorem)

142 1546 247 1590 sedulitas
256 1545 297 1588 erit
306 1555 357 1602 apta
365 1545 416 1595 tibi;
426 1558 465 1587 nec
474 1545 551 1589 sentiet
559 1558 658 1601 unquam

141 1622 186 1663 lloc
195 1629 261 1676 pater.
271 1636 282 1658 n
292 1618 381 1661 Exsiluit
389 1618 472 1675 premio
482 1616 613 1667 furibunda,
624 1628 746 1674 torumque

144 1694 185 1735 ore
194 1706 306 1748 premens,
316 1692 434 1743 «Discede,
443 1703 529 1747 precor,
541 1689 663 1745 miseroque
673 1691 755 1746 pudori

146 1770 221 1817 Parce,
231 1767 286 1810 ait.»
296 1766 397 1817 laetanti,
408 1783 421 1805 u
427 1765 524 1814 Discede,
535 1774 575 1807 aut
583 1764 666 1814 desine,
676 1765 742 1818 dixit,

145 1843 245 1900 Quarere
254 1841 306 1897 quid
315 1840 399 1883 doleam
408 1856 412 1881 :
423 1839 492 1882 scelus
501 1849 543 1889 est,
552 1839 611 1894 quod
621 1838 675 1880 scire
684 1837 779 1901 laboras.
788 1859 800 1880 s

176 1917 343 1965 «Horremus,
353 1914 500 1969 tremulasque
509 1926 587 1954 manus
594 1912 701 1968 annisque
709 1924 816 1970 metuque

145 1989 235 2040 Tendit,
244 1999 266 2030 et
275 1996 325 2030 ante
333 1988 397 2043 pedes
405 1987 495 2043 supplex
505 1984 630 2043 procumbit
639 1984 748 2030 alumnae:

146 2065 173 2106 Et
182 2063 248 2104 modo
257 2060 378 2111 blanditur,
388 2061 466 2110 modo,
476 2061 546 2102 sinon
556 2058 642 2101 conscia
651 2058 701 2111 liat,

147 2137 232 2187 Terret,
242 2145 263 2178 et
271 2133 375 2177 indicium
385 2133 456 2189 laquei
466 2144 581 2189 coeptatque
591 2132 690 2175 minatur

150 2210 236 2263 Mortis,
246 2219 268 2253 et
276 2207 375 2253 officium
385 2209 502 2253 commisso
511 2207 602 2265 spondet
611 2207 690 2249 amori.
