1667 2584
118 168 146 222 qo
270 172 602 217 METAMottruosnort
688 177 760 228 ιβ.

119 253 239 311 plangitur,
249 271 274 300 ac
284 231 392 316 trepidans
402 262 516 318 adstringit
525 262 611 305 vincula
621 271 697 305 motu:

120 327 165 376 Sic,
175 337 200 370 ut
209 343 299 386 quaeque
308 332 354 374 solo
361 333 432 376 defixa
441 335 557 377 cohaeserat
566 335 657 385 harum,

121 399 245 444 Exsternata
255 403 330 460 fugem
339 392 538 455 frustra‘tcntabau
549 405 642 448 atillam

122 474 186 515 Lenta
197 485 255 537 tenet
265 478 335 527 radix,
345 478 532 535 exsultantemque
541 489 632 522 coercet.

122 545 222 602 Dumque
229 549 267 590 nbi
275 549 318 592 sint
325 551 396 606 digiti,
404 552 458 593 dnm
466 566 503 607 pes
510 552 548 594 uhi
556 552 644 608 querit,
652 561 673 594 et
681 564 776 607 ungues,

121 620 217 676 Adspicit
225 622 248 665 in
259 632 333 667 teretes
344 625 428 681 liguum
437 627 551 669 succedere
560 641 631 669 suras.

123 694 149 739 Et
158 706 236 739 conata
245 696 317 741 lemur
327 701 426 743 moerenti
435 701 536 757 plangere
545 701 633 752 denna,

123 770 209 812 Robora
218 773 329 826 percussit.
340 776 414 816 Pectus
423 788 511 830 quoque
522 774 600 817 robora
611 774 682 817 finnt:

125 842 211 885 llobora
220 855 271 888 sunt
279 844 365 889 humeri
373 864 378 889 :
387 858 529 903 porrectaque
539 847 628 890 brachia
638 860 700 889 veros

127 917 176 959 Esse
182 926 246 972 putes
256 932 340 972 ramos,
351 930 374 964 et
382 935 427 963 uon
436 921 512 964 lallare
521 921 625 977 putando.

158 1064 795 1123 llancsatishocBacchoest:ipsosquoquedeseritagros,

128 1136 228 1191 Cumque
238 1137 304 1180 choro
315 1138 414 1190 meliore,
425 1140 459 1182 sui
468 1141 540 1182 vineta
549 1140 646 1197 Tymoli,

129 1208 274 1265 Pactolonque
283 1212 349 1267 petit:
359 1212 459 1268 quamvis
467 1225 512 1254 non
522 1226 601 1254 aurens
611 1212 648 1254 illo

130 1283 248 1338 Tempore,
259 1298 298 1327 nec
307 1285 362 1327 caris
372 1295 418 1328 erat
427 1285 544 1328 invidiosus
554 1285 631 1327 arenis.

133 1357 206 1408 llunc,
216 1358 306 1401 adsueta
315 1358 404 1411 cohors,
413 1359 483 1416 Satyri
493 1359 620 1414 Bacchaeque
630 1356 782 1413 frequentant:

133 1433 161 1473 dt
171 1431 255 1474 Silenus
264 1433 337 1476 abest:
348 1433 479 1477 titubantem
489 1433 594 1488 annisque
603 1446 710 1489 meroque

135 1506 241 1550 liuticolae
251 1521 325 1564 cepere
334 1509 437 1565 Phryges,
446 1508 587 1563 vinctumque
596 1508 683 1550 coronis

133 1580 165 1622 dd
176 1593 247 1636 regem
258 1590 339 1624 traxere
349 1581 434 1632 Midan,
443 1581 479 1623 cui
488 1580 592 1622 Thracius
601 1580 702 1636 Orpheus

136 1653 200 1710 Orgia
210 1654 327 1697 tradiderat
335 1668 387 1698 eum
396 1654 499 1710 Cecropio
508 1653 623 1710 Eumolpo.

165 1730 208 1787 Qui
217 1729 283 1772 simul
292 1731 379 1787 agnovit
387 1730 472 1773 socium
480 1729 628 1785 comitemque
636 1742 763 1781 sacrorum,

138 1804 231 1860 llospitis
241 1806 335 1848 adventu
344 1804 426 1848 festum
436 1802 547 1861 genialiter
556 1803 599 1859 egit

137 1880 177 1919 Per
186 1877 219 1918 bis
228 1878 324 1933 quinque
333 1878 389 1928 dies,
399 1888 421 1921 et
427 1877 515 1934 junctas
524 1876 600 1918 ordine
609 1886 693 1919 noctes.

139 1953 164 1994 Et
171 1950 220 2007 jam
229 1949 341 1997 stellarum
351 1950 444 1993 sublime
453 1958 551 2005 coegerat
560 1961 639 2003 agmen

138 2024 225 2066 Lucifer
234 2023 374 2075 undecimus,
383 2025 451 2080 Lydos
460 2036 530 2079 quum
540 2022 601 2064 laetus
609 2022 632 2063 in
642 2035 707 2078 agros

142 2099 186 2140 lieu
195 2096 264 2149 venit,
273 2106 296 2139 et
301 2095 377 2152 juveni
386 2096 483 2139 Silenum
492 2095 562 2138 reddit
571 2094 670 2137 alumno.

141 2171 196 2214 lluic
205 2173 261 2216 Deus
271 2171 360 2228 optandi
370 2181 468 2229 gratum,
477 2171 515 2215 sed
523 2169 612 2223 inutile,
622 2168 675 2212 fecit
