1667 2584
113 219 140 260 to
261 215 591 258 METAMORPHOSEON
664 218 749 260 uadit.

112 305 195 358 Terque
205 312 322 358 quaterque
332 303 390 358 gravi
397 302 607 358 juncturasuerttcis
616 303 662 346 ictu

111 376 186 431 Rupit:
198 385 219 418 et
227 375 251 418 iu
260 374 342 431 liquido
350 377 452 419 sederunt
460 389 509 418 ossa
517 375 612 418 cerebro

110 448 186 491 Victor
193 449 221 491 ad
229 450 347 504 Euagrum
355 449 530 505 Corythumque,
540 451 678 507 Dryantaque
687 450 793 495 transn

111 525 128 567 E
137 522 217 578 quihus
226 531 251 565 ut
259 521 330 578 prima
340 531 406 565 tectus
416 522 518 578 lanugine
527 522 596 565 maias

112 594 231 637 Procubuit
240 594 356 651 Corythus;
367 596 453 636 «Puero
462 608 510 649 quse
519 595 586 650 gioria
596 594 647 637 ruso

113 671 177 711 Parta
186 667 226 709 tibi
235 671 278 708 estt
286 668 378 723 Euagrus
387 667 443 709 ait.»
453 668 497 709 Nec
506 667 576 710 dicere
585 668 674 711 Rhoetus

114 739 178 782 Plura
187 739 250 801 sinit:
260 739 377 794 rutilasque
386 740 447 782 ferox
454 740 478 782 in
489 752 562 796 aperta
571 741 680 797 loquentis

115 812 215 856 condidit
224 825 262 853 ora
271 812 310 853 viri
316 816 411 868 ,'perque
420 827 444 859 os
454 812 476 854 in
485 818 584 868 pectora,
595 814 704 858 flammas.

115 888 145 928 Te
155 898 252 940 quoque,
262 899 314 927 seve
323 887 390 943 Drya,
399 886 482 928 circum
491 896 556 942 caput
565 887 614 942 ique
625 897 698 931 rotato

114 957 248 1012 Insequitur;
257 958 294 999 sed
302 971 346 999 non
356 958 379 999 iu
388 967 409 1000 te
417 972 504 1013 quoque
513 959 609 1002 constitit
618 959 678 1002 idem

114 1028 201 1072 Exitus:
212 1028 302 1070 assiduae
310 1042 408 1072 successu
418 1031 480 1072 cedis
489 1040 601 1082 ovantem,

116 1104 164 1160 Qua
170 1101 248 1157 juncta
257 1112 288 1144 est
296 1103 389 1146 humero
398 1105 479 1154 cervix,
489 1106 542 1147 sude
551 1105 598 1161 figis
607 1098 694 1150 obusta.

116 1174 236 1230 Ingemuit,
245 1176 343 1231 duroque
352 1177 428 1218 sudem
439 1176 472 1217 vix
481 1190 528 1221 osse
537 1170 618 1219 revellit
696 1210 698 1213 .

60 1240 63 1246 ’
116 1247 216 1298 minutus,
226 1248 299 1304 etipse
309 1263 348 1291 suo
357 1247 492 1291 madefactus
500 1250 604 1305 sanguiue
612 1249 677 1307 fugit.

118 1321 182 1376 Fugit
190 1330 212 1364 et
220 1324 313 1374 Orneus,
322 1324 469 1379 Lycabasque,
479 1333 501 1364 et
509 1322 594 1365 saueius
603 1337 668 1366 armo

116 1394 237 1437 Dexteriore
246 1396 334 1445 Medon,
344 1405 366 1438 et
374 1409 426 1439 cum
436 1396 532 1438 Pisenore
541 1396 663 1449 Thaumas5
736 1405 738 1409 ’

118 1467 203 1525 Quique
210 1469 290 1523 pedum
300 1482 369 1524 nuper
379 1471 496 1514 certamine
505 1471 584 1513 vicerat
593 1484 671 1514 ornnes

119 1542 248 1592 Mermeros,
258 1552 344 1597 accepto
353 1557 412 1585 nune
421 1543 508 1586 vulnere
516 1543 599 1586 tardius
607 1544 666 1596 ibat;

118 1616 145 1656 Et
153 1613 244 1663 Pholus,
255 1624 276 1656 et
285 1615 404 1667 Melaneus,
413 1627 435 1659 et
443 1617 498 1658 Abas
508 1618 614 1672 praedator
623 1630 744 1673 aprunum,

119 1688 204 1743 Quique
213 1689 257 1731 suis
265 1688 345 1733 frustra
355 1690 437 1733 bellum
447 1692 575 1734 dissuaserat
583 1706 654 1748 augur
724 1712 726 1715 ·

119 1762 209 1819 Astylus.
219 1763 256 1805 Ille
265 1765 331 1806 etiam
341 1766 446 1808 metuenti
455 1764 544 1807 vulnera
552 1767 631 1816 Nesso,

123 1835 246 1890 «Nefuqffl
256 1837 432 1889 adflercnteoss
427 1839 507 1893 iuquit,
518 1839 716 1884 servaben'sarcus
722 1859 735 1881 »s

120 1907 148 1948 tt
156 1918 201 1947 nou
212 1908 358 1961 Eurynomus
368 1911 508 1965 Lycidasque,
518 1920 539 1952 et
547 1912 622 1961 Areos
632 1920 654 1954 et
663 1914 766 1956 Imbreus

119 1977 220 2031 Effugere
229 1990 316 2020 necem:
327 1993 381 2033 quos
391 1995 466 2024 ornnes
475 1984 549 2025 dextra
558 1984 656 2040 Dryantis

120 2049 213 2091 Perculit
221 2050 326 2093 adversos.
336 2052 453 2095 Adversum
463 2065 487 2097 tu
496 2069 593 2110 quoque,
603 2057 706 2110 quamvis

6 2106 12 2119 ¹
121 2122 650 2179 Terqafuqqedcderasauinus,Creuaee,tuiistiss
703 2148 704 2151 ¹

44 2187 47 2192 “
120 2193 178 2234 Nam
187 2207 261 2249 grave,
271 2195 395 2251 respiciens,
404 2198 514 2242 interduo
523 2201 608 2245 lumina
616 2201 717 2253 ferrum,

781 1804 786 1834 i
