1667 2584
114 218 143 271 ³4
257 215 599 259 nntunonnnntux.
667 215 751 267 mis.

113 304 213 348 Protinus
221 305 313 348 excussit
322 304 393 361 pendo
403 302 508 345 venabula
518 312 598 352 rostro,

113 378 221 434 Sanguine
232 378 297 421 tincta
307 392 358 429 suo;
367 376 529 432 trepidumque,
539 386 561 418 et
570 385 617 418 tuta
626 385 741 431 petentem

115 453 174 494 Trux
182 466 234 508 aper
242 452 372 508 insequitur;
383 461 482 506 totosque
490 451 531 493 sub
542 451 629 506 inguine
637 451 715 494 dentes

116 525 214 578 Abdidit,
223 536 245 569 et
254 526 313 569 fulva
323 524 481 567 moribundum
490 525 565 566 stravit
574 538 646 567 arena.

116 599 183 641 Vecta
192 599 232 641 levi
242 613 308 642 curru
317 599 398 641 medias
406 598 510 655 Cytherea
518 612 556 655 per
565 612 629 641 nurus

117 671 203 731 Cypron
213 672 301 715 olorinis
310 672 409 715 nondum
418 681 544 726 pervenerat
553 669 598 712 alis.

118 746 210 801 Agnovit
218 745 281 801 longe
290 745 396 801 gemitum
407 744 529 793 morientis,
539 753 560 785 et
569 743 629 785 albas

119 818 187 861 Fiexit
195 832 243 861 aves
252 819 304 861 iiiuc
313 835 318 860 :
329 828 396 873 utque
405 818 484 860 ethere
493 816 546 859 vidit
554 818 582 859 ab
591 816 636 860 alto

119 890 257 940 Exanimem,
267 890 332 945 inque
342 903 381 931 suo
387 889 508 946 jactantem
518 889 622 945 sanguine
632 903 726 946 corpus,

120 964 219 1014 Desiluit3
229 964 352 1020 pariterque
360 964 431 1014 sinus,
440 964 563 1019 pariterque
572 963 661 1020 capillos

121 1036 197 1091 Rupit,
208 1043 229 1076 et
238 1035 330 1090 indignis
339 1035 444 1090 percussit
453 1044 539 1090 pectore
549 1035 634 1090 palmis.

122 1110 245 1166 Questaque
254 1121 306 1150 cnm
316 1107 378 1151 fatis:
390 1110 433 1150 «At
443 1121 487 1149 non
498 1117 570 1150 tamen
580 1109 656 1150 omnia
665 1114 733 1157 vestri

122 1180 179 1225 iuris
189 1190 264 1233 erunt,
273 1179 356 1235 inquit:
367 1179 439 1222 luctus
448 1189 591 1222 monumenta
601 1183 728 1226 manebunt

123 1257 218 1312 Semper,
228 1255 308 1306 Adoni,
317 1255 360 1297 mei
369 1270 374 1296 ε
384 1256 517 1312 repetitaque
527 1256 602 1298 mortis
611 1256 685 1313 imago

122 1332 200 1375 Auum
209 1328 317 1385 plangoris
327 1339 413 1386 peraget
421 1329 561 1372 simuiaminn
571 1330 645 1372 nostri.

123 1406 151 1447 tt
160 1417 224 1446 cruor
232 1402 256 1444 in
265 1402 341 1445 florem
351 1403 482 1445 mutabitur.
492 1406 524 1445 An
534 1403 573 1457 tibi
582 1404 697 1459 quondum

125 1476 237 1520 femineos
246 1486 306 1519 artus
316 1476 338 1517 in
348 1475 430 1518 olentes
440 1485 520 1518 vertere
530 1476 637 1528 minthas,

123 1551 268 1607 Persephone,
278 1549 350 1593 licuitt
359 1550 422 1593 nobis
430 1550 541 1609 Cinyreius
550 1551 613 1593 heros

125 1625 212 1669 invidie
222 1633 319 1668 mutatus
328 1624 380 1666 erit?
387 1641 398 1662 »
408 1624 442 1666 Sic
451 1624 506 1674 fata,
516 1637 617 1666 cruorem

125 1702 217 1743 Nectare
226 1700 316 1741 odorato
326 1697 414 1754 sparsit:
425 1697 462 1754 qui
473 1707 542 1740 tactus
551 1698 578 1740 ob
587 1697 625 1740 iiio

126 1771 245 1820 Intumuit,
254 1770 295 1821 sie,
306 1780 330 1813 ut
339 1770 412 1826 pluvio
422 1770 531 1826 perlucida
541 1769 593 1813 coelo

127 1847 217 1900 Surgere
226 1841 286 1884 bulla
294 1842 354 1884 solet.
364 1844 409 1885 Nee
419 1842 482 1899 piena
492 1842 576 1898 longior
584 1842 639 1885 hora

127 1920 192 1963 Paete
201 1928 264 1957 more
272 1925 313 1964 est,
323 1928 394 1969 quum
403 1915 443 1958 flos
452 1930 464 1958 e
473 1916 577 1972 sanguine
586 1915 690 1959 concolor
698 1930 770 1973 ortus,

128 1988 231 2049 Qualem,
240 2000 288 2047 quae
298 1984 356 2029 lento
365 1987 437 2030 celant
445 1989 486 2029 sub
496 1988 574 2031 cortice
583 2001 689 2044 granum,

129 2063 210 2105 Punice
219 2060 274 2102 ferre
283 2059 365 2102 soient:
376 2061 446 2103 brevis
455 2072 487 2104 est
496 2068 631 2105 tamenusus
641 2064 664 2105 iu
673 2064 723 2117 iiio3

128 2138 230 2190 Namque
239 2133 296 2176 male
305 2133 433 2184 hoerentem,
443 2145 465 2177 et
473 2135 542 2177 nimia
551 2136 635 2178 levitate
644 2139 764 2190 caducum,

130 2207 247 2254 Excutiunt
254 2207 325 2260 idem,
334 2205 372 2265 qui
381 2216 484 2264 praestant
492 2208 594 2261 nomina,
604 2210 669 2253 venti.
676 2228 688 2249 t
