1667 2584
79 158 97 192 v.
111 152 147 226 αξ.
326 150 426 193 attan
443 146 459 192 Ι.
678 153 719 197 233

77 241 117 284 Sed
127 201 203 284 trained
212 242 235 283 in
244 240 305 283 duris
314 250 464 284 remanentem
475 241 539 284 rebus
548 242 644 286 amicum

109 315 237 370 Quamlibet
245 314 314 358 invisa
323 316 392 358 (ἔωσαν
402 314 425 358 in
434 314 495 360 hoste
504 316 588 370 probat.

82 387 126 430 Nec
135 388 192 431 solet
201 388 358 445 irasci-(neque
367 387 427 432 enim
437 389 571 435 moderatior
579 389 646 447 alter)
655 425 660 442 ,

13 521 14 524 Ἰ
110 464 187 521 Quum
196 462 246 519 quis
254 462 277 505 in
286 462 390 512 adversis,
399 462 417 504 si
427 463 480 517 quid
489 462 582 514 amavit.
591 475 658 508 amas.

81 536 110 580 be
120 536 203 578 comite
211 535 302 590 Argolici
311 545 428 591 postquam
437 535 537 591 coguovit
546 537 636 588 Oresta,

111 609 221 651 Narratur
229 607 321 665 Pyladen
330 607 375 664 ipse
384 608 487 664 probasse
495 608 572 654 Thoas·
652 655 654 657 ,

81 681 135 737 Quae
144 681 187 724 luit
196 681 299 724 letorida
308 696 360 724 cum
370 694 451 737 magno
460 694 545 737 semper
554 681 644 728 lcltille.

111 754 206 797 Laudari
215 753 278 797 solita
288 765 321 798 est
329 754 425 798 Hectoris
435 768 472 800 ore
481 754 542 800 lidus.

82 828 148 886 Quod
157 829 206 884 pius
215 829 243 871 ad
252 843 328 872 manes
335 829 430 874 Theseus
438 843 512 876 comes
520 829 571 874 isset
579 832 659 876 amico.

113 904 247 945 Tartareum
253 903 330 946 dieunt
338 902 456 946 indoluisse
465 905 541 950 Deum.

83 976 170 1033 Euryali
181 976 269 1032 Nisique
278 976 320 1018 lide
331 976 381 1028 ribi,
390 978 475 1027 Turne,
484 977 563 1028 relata,

112 1048 220 1093 Credibile
229 1061 261 1092 ott
270 1049 371 1107 lacrymis
379 1051 521 1095 immaduisse
530 1065 601 1108 genas.

84 1126 122 1168 Est
131 1124 198 1166 etiam
209 1123 291 1167 miseris
301 1125 380 1181 piatas,
389 1135 411 1167 at
422 1126 445 1167 in
454 1127 516 1168 hosts
525 1127 637 1182 probatur.

115 1198 153 1241 llei
163 1197 228 1240 milri!
238 1212 306 1254 quam
315 1212 396 1254 paucos
405 1198 451 1240 bac
461 1213 510 1241 mea
519 1200 576 1241 dicta
585 1208 681 1244 movent?

85 1272 123 1316 llic
133 1282 213 1323 statua,
223 1272 267 1314 brac
276 1285 350 1314 rerum
359 1285 418 1315 nune
428 1282 460 1313 ast
469 1272 558 1314 fortuna
569 1287 683 1324 mearum,

114 1347 195 1389 Debent
204 1356 229 1388 ut
238 1344 337 1402 lacrymis
346 1343 421 1387 nullus
430 1346 503 1388 adesse
513 1346 598 1389 modus.

84 1425 111 1464 tt
121 1434 170 1463 mea
180 1429 242 1470 sunt,
252 1419 339 1474 proprio
347 1418 448 1474 quamvis
457 1418 594 1462 infestissima
603 1435 665 1466 casu.

115 1497 203 1537 Pectora
213 1506 312 1550 processu
322 1490 379 1535 facta
389 1506 464 1534 serena
473 1501 519 1534 tuo.

86 1571 130 1612 lloa
140 1577 270 1610 eventurum
277 1567 325 1623 jam
335 1576 395 1617 tum,
404 1565 525 1616 carissime,
535 1566 589 1615 vidi,

117 1644 191 1685 Ferret
199 1640 272 1683 adhue
278 1639 342 1682 istam
352 1653 423 1694 quum
434 1638 507 1680 minor
516 1653 570 1680 aura
579 1650 655 1682 ratem.

88 1718 135 1759 Sive
145 1714 233 1770 aliquod
244 1727 345 1762 morum,
354 1726 392 1754 seu
401 1714 450 1753 vite
459 1711 507 1753 labe
518 1713 609 1755 carentis

116 1791 153 1832 ast
161 1788 268 1844 pretium3
278 1800 343 1829 nemo
352 1784 420 1842 pluris
430 1785 544 1826 habendus
553 1786 600 1827 erit.

88 1864 136 1906 sive
145 1875 183 1919 per
192 1861 297 1917 ingenuae
305 1859 384 1915 aliquis
393 1868 459 1913 caput
468 1858 545 1901 extulit
556 1870 624 1904 artes.

118 1933 224 1993 Quaelibet
233 1931 319 1988 eloquio
329 1932 355 1974 fit
363 1933 422 1974 bona
430 1946 496 1973 causa
506 1942 551 1974 tuo.

91 2008 127 2051 llis
135 2020 175 2063 ego
184 2014 320 2054 commotus,
330 2004 375 2046 dixi
385 2003 424 2045 tibi
434 2005 534 2060 protinus
543 2003 583 2060 ipsi
592 2022 596 2044 :

119 2084 186 2125 Scene
196 2091 271 2123 manet
280 2081 341 2121 dotes
350 2079 449 2135 grandis,
459 2080 541 2130 amice,
553 2090 608 2122 tuas.

95 2160 140 2199 llaee
150 2154 205 2198 mibi
215 2167 260 2197 non
270 2154 344 2195 ovium
355 2152 426 2200 flbrae.
436 2153 555 2196 tonitrusve
563 2152 655 2206 sinistri,

178 2241 211 2270 lv,
626 2241 648 2277 m
