1667 2584
120 206 163 248 260
355 207 527 250 Tutsuluu
678 222 700 249 v.
713 208 762 250 5⁰1.

120 296 206 340 Nubilir
215 297 256 340 hor
264 297 335 355 virgo,
345 309 500 354 matronaque,
509 297 596 353 virque,
605 310 704 354 puerque

150 371 246 425 Spectat;
256 380 277 413 et
286 384 298 413 e
308 385 387 427 magna
395 380 457 426 parte
466 372 557 413 Senatus
566 370 633 412 adest.

121 443 165 485 Nec
175 444 226 487 satis
235 443 320 487 incestis
331 444 431 487 temerari
441 443 530 486 vocibus
539 457 615 485 aures:

151 516 285 559 Adsuescunt
294 516 352 559 oculi
360 515 431 559 mulla
439 517 541 572 pudenda
549 516 603 572 pati.

122 590 240 646 Quumque
248 589 325 633 fefellit
334 604 410 634 amans
421 589 495 645 aliqua
503 590 599 632 novitate
608 589 729 642 maritum,

152 662 269 713 Plauditur,
279 673 300 706 et
309 677 390 720 magno
399 663 473 720 palma
481 662 555 706 favore
564 664 637 706 datur.

123 738 213 792 Quoque
223 737 296 779 minus
305 738 402 793 prodest,
412 751 476 780 scena
485 746 518 780 est
526 736 612 779 lucrosa
620 747 706 793 poetae:

151 810 262 866 Tantaque
271 822 316 852 uon
325 823 391 865 perro
401 809 493 852 crimina
502 811 581 852 Praetor
590 809 652 853 emit.

122 880 206 939 Inspice
214 881 317 924 ludorum
326 892 424 931 sumtus,
433 884 539 937 Auguste.
549 891 641 925 tuorum
650 896 656 921 :

150 941 213 997 firma
223 954 262 997 tibi
271 967 351 1014 magno
360 954 411 997 talia
421 954 492 997 multa
501 953 564 1010 leges.

121 1029 168 1070 llaec
178 1037 203 1070 tu
211 1026 321 1085 spectasti,
331 1028 490 1083 spectandaque
499 1040 554 1083 saepe
563 1026 650 1070 dedisti.

151 1099 250 1157 Majeetas
259 1101 312 1143 adeo
321 1100 390 1149 comis
399 1100 481 1157 ubique
491 1109 528 1144 tua
537 1110 576 1144 eat.

123 1172 295 1228 Luminibusque
305 1172 359 1225 tuis,
370 1182 428 1216 totus
437 1173 518 1230 quihus
525 1171 612 1215 utimur
621 1174 695 1225 orbis,

152 1245 239 1292 Scenice
248 1246 318 1290 vidisti
327 1245 398 1289 lentus
407 1244 520 1289 adulteria.

123 1320 218 1364 Scribere
227 1321 245 1362 si
255 1319 288 1363 fac
297 1332 329 1364 est
337 1320 448 1365 imitantes
458 1321 535 1377 turpia
539 1320 633 1372 mimos;

151 1396 245 1439 Materiae
254 1395 328 1438 minor
336 1405 370 1439 est
375 1395 451 1439 debita
457 1409 522 1452 poena
531 1408 592 1437 meae.

45 1516 46 1519 ,
122 1472 156 1513 An
165 1482 232 1526 genus
242 1469 283 1511 hoc
292 1468 366 1525 scripti
375 1467 457 1512 faciant
466 1482 505 1511 sua
514 1467 599 1525 pulpita
608 1476 697 1521 tutum;

152 1542 258 1598 Quodque
267 1541 330 1592 libet,
340 1541 415 1586 mimis
424 1556 488 1584 scena
496 1539 559 1584 licere
567 1540 641 1584 dediti

122 1618 148 1659 Et
158 1628 207 1657 mea
216 1623 268 1657 sunt
276 1612 357 1670 populo
367 1612 444 1657 saltata
453 1622 554 1670 poemata
563 1626 632 1669 saepe:

153 1690 212 1744 Saepe
221 1687 295 1730 oculos
304 1687 370 1732 etiarn
380 1683 491 1730 detinuere
501 1696 557 1728 tuos.

122 1760 206 1805 Scilicet
215 1760 238 1802 in
247 1760 349 1803 domibus
359 1760 433 1803 vestris
443 1769 470 1803 ut
477 1760 546 1816 prisca
556 1759 656 1802 virorum

151 1834 232 1878 Artifici
242 1832 325 1889 fulgent
334 1846 425 1890 corpora
434 1834 491 1889 picta
501 1846 581 1883 manu3

123 1910 167 1959 Sic.
178 1922 226 1964 qaue
235 1907 364 1950 concubitus
374 1908 445 1949 varios
454 1907 587 1961 Venerisque
597 1905 680 1962 figuras

152 1981 273 2036 Exprimat,
282 1990 313 2023 est
323 1980 395 2035 aliquo
407 1994 473 2036 parra
482 1979 560 2025 tabella
569 1980 625 2022 loco.

122 2056 192 2109 thue
201 2054 260 2095 sedet
269 2053 330 2098 vultu
340 2052 409 2106 fassus
418 2053 557 2095 Telamonius
566 2053 635 2105 iram,

152 2130 219 2181 lnque
228 2127 296 2168 oculis
305 2126 389 2170 lacinus
395 2128 492 2176 barbara
501 2137 572 2170 mater
580 2128 660 2171 habet:

121 2199 156 2241 Sic
165 2200 263 2242 madidos
272 2200 338 2244 siccat
345 2201 417 2257 digitis
429 2204 502 2246 Venus
511 2202 555 2245 uda
563 2201 666 2258 capillos:
