1667 2584
111 172 153 227 246
343 168 515 212 Telamoni
665 180 689 209 v.
706 169 759 209 ner

139 260 276 315 0Prineepe,
288 271 352 316 parce
362 258 445 301 viribus
454 271 493 301 use
503 256 559 300 ruis!

107 336 199 390 Insuper
207 333 325 385 accedunt,
334 342 355 375 te
363 343 409 375 non
418 332 539 381 adimente,
549 339 645 387 paterna

140 405 267 463 (Tanquam
278 406 321 449 vita
330 418 409 462 parum
420 405 516 447 muueris
525 404 594 461 esset)
604 418 663 461 opes.

109 482 155 523 Nee
165 494 214 523 mea
222 481 308 523 decreto
317 480 428 526 damnasti
436 480 495 523 iacta
503 482 609 523 Senatus:

139 556 184 596 Nec
194 568 243 597 mea
252 553 330 600 selecto
336 553 411 609 judice
417 552 481 609 jussa
489 552 542 608 fuga
551 562 590 596 eat

109 629 217 673 Tristibus
226 630 322 673 invectae
331 629 401 674 verbis
411 627 456 684 (ita
464 628 560 683 Principe
569 628 664 684 dignum
670 627 695 685 ),

141 702 202 745 Ultus
211 716 233 744 es
242 701 348 752 offensas,
359 711 384 743 ut
394 702 465 752 decet,
475 701 520 757 ipse
530 709 585 743 luas.

112 775 170 818 adde
178 808 184 827 ‚
192 776 252 831 quod
261 775 369 825 edictum,
378 773 478 830 quamvis
487 773 584 815 immane
594 773 730 830 minaxque.

140 849 240 891 atamen
251 848 273 890 in
283 862 350 904 poenae
359 847 449 890 nomine
459 846 506 889 lene
516 846 564 889 fuir„

112 922 198 979 Quippe
207 907 323 978 relegatus,
334 935 378 964 non
389 920 460 971 exsul,
469 921 530 963 dicor
538 921 561 962 in
571 919 623 964 illo:

142 997 248 1051 Parcaque
258 994 350 1038 fortuna
360 1004 412 1037 eunt
420 996 472 1037 data
480 995 545 1036 verba
555 1008 615 1037 mere.

112 1069 178 1113 Nulla
187 1070 275 1125 quidem
286 1083 338 1112 sano
347 1071 433 1127 gravior
442 1070 564 1125 mentisque
572 1071 659 1126 potenti

142 1146 204 1186 Poena
214 1153 257 1194 est,
266 1158 334 1200 quam
344 1153 406 1187 muto
415 1143 548 1201 displicuisse
557 1144 611 1186 viro.

112 1217 154 1259 Sed
163 1217 217 1260 solet
227 1217 338 1260 interdum
348 1217 395 1260 fieri
405 1216 510 1274 placabile
519 1230 613 1260 nument

144 1290 208 1333 Nube
217 1289 271 1333 solet
280 1290 342 1346 pulsa
350 1291 455 1334 emdidus
465 1290 496 1333 ire
504 1290 555 1333 dies.

115 1363 165 1407 Vidi
174 1377 214 1419 ego
223 1365 343 1420 pampineis
353 1376 466 1407 oneratam
476 1364 556 1408 vitibus
565 1363 665 1414 ulmum.

144 1439 196 1495 Qua
206 1437 278 1480 fuerat
287 1439 336 1481 sevi
346 1438 440 1481 fulmine
449 1448 506 1482 iacta
513 1438 578 1482 lovis.

115 1514 162 1568 Ipse
172 1509 221 1552 licet
230 1523 315 1566 sperare
324 1519 392 1559 vetes.
402 1511 550 1566 sperabimus;
560 1520 625 1566 alque

145 1586 188 1626 llos
198 1597 268 1626 unum
278 1582 337 1634 fieri,
345 1593 366 1626 te
374 1584 514 1640 prohibente,
523 1593 600 1640 polest.

115 1660 166 1715 Spes
175 1657 230 1699 mibi
240 1670 319 1712 magna
328 1657 398 1708 subit,
408 1669 479 1713 qnurn
489 1666 521 1709 te,
531 1657 644 1700 mitissime
654 1659 761 1717 Princeps,-

100 1779 105 1790 ,
145 1732 196 1787 Spes
206 1730 271 1780 mini,
281 1729 371 1785 respicio
380 1744 451 1786 quum
461 1744 510 1773 mea
519 1730 575 1781 fara,
585 1731 649 1773 cadis

115 1810 144 1848 Αο
155 1804 232 1855 veluti,
242 1805 311 1847 ventis
321 1805 454 1860 agitantibus
463 1818 562 1868 qquora,
570 1818 615 1847 non
625 1815 657 1848 est

145 1877 237 1934 AEqualis
247 1877 328 1929 rabies,
337 1878 498 1933 continuusque
508 1877 580 1928 iuror3

116 1951 157 1992 Sed
166 1950 232 1991 inodo
242 1948 369 2002 subsidunt,
379 1949 539 2006 intermissique
548 1949 662 2001 silescunt,

146 2024 241 2079 Vimque
251 2034 313 2080 pules
322 2023 370 2066 illos
379 2025 503 2081 deposuisse
512 2039 575 2068 suam
585 2043 590 2068 :

119 2095 152 2137 Sic
161 2096 253 2148 abeunt,
265 2098 398 2153 redeuntque
407 2098 463 2151 mei,
473 2099 599 2156 variantque
609 2098 705 2154 timorem
