1667 2584
109 203 136 248 3³
263 196 592 246 METAMORPHOSEON
681 213 702 243 v.
715 214 754 244 22.

110 290 215 333 Menedee
224 291 301 346 Orphei
313 291 401 333 titulum
411 305 500 347 rapuere
509 291 602 334 theatri:

109 364 162 406 Inde
171 364 288 407 cruentaris
299 375 412 409 vertuntur
421 366 444 408 in
454 366 538 422 Orphea
546 364 637 416 dextris3

110 440 136 482 Et
145 447 236 490 coeunt,
246 450 271 482 ut
279 453 339 491 eves,
348 441 365 483 si
375 440 462 496 quando
471 438 519 482 luce
528 450 643 497 vagantem

109 516 184 558 Noctis
193 529 255 558 avem
265 524 367 566 cernunt;
376 524 502 570 structoque
511 515 613 569 utrinqne
624 512 725 564 theatro,

109 588 154 630 Ceu
164 588 272 630 matutina
280 600 355 629 cerrus
363 586 473 642 periturus
482 599 558 637 arena,

109 661 180 703 Praeda
189 674 269 702 cunum
280 669 321 703 est:
333 669 447 715 vatemque
456 670 544 715 perun13
553 669 574 701 et
584 657 662 700 fronde
671 658 753 701 virenti

108 734 234 789 Conjiciunt
243 733 338 791 thyrsos,
348 747 392 775 non
401 735 446 775 bne
456 735 478 775 in
489 745 580 777 munera
589 730 667 775 factos.

109 808 145 851 Hae
154 809 237 864 glebas,
246 808 287 851 ille
296 810 394 864 dereptos
403 810 480 851 arbore
490 822 573 859 ramos,

108 884 159 924 Pars
170 891 271 937 torquent
280 881 355 924 silices.
365 883 413 923 Neu
423 881 493 924 desint
503 881 543 924 tela
554 880 634 929 furori,

107 957 170 998 Forte
180 956 244 998 boves
253 969 325 1011 prenso
334 955 464 1011 subigebant
472 969 559 997 vomere
569 966 662 1007 terram3

107 1029 152 1071 Nee
162 1027 237 1083 procul
246 1027 308 1076 hinc,
318 1027 389 1070 multo
398 1027 495 1070 fructum
505 1028 584 1070 sudore
592 1037 709 1083 parantes,

108 1102 166 1144 nura
175 1100 273 1143 lacertosi
284 1100 395 1143 fodiebant
403 1114 454 1142 arva
465 1100 542 1143 coloni.

108 1174 198 1231 Agmine
208 1175 245 1230 qni
255 1173 300 1216 viso
310 1173 409 1229 fugiunt,
420 1174 532 1229 operisque
541 1172 670 1228 relinquunt

110 1248 176 1291 Arma
185 1247 231 1289 sui:
242 1261 364 1303 vacuosque
370 1246 445 1303 jacent
453 1247 548 1303 dispersa
557 1261 596 1304 per
605 1258 669 1304 agros

108 1310 249 1377 Surcuiaqum
259 1321 365 1376 rastrique
374 1335 458 1377 graves,
469 1320 570 1376 longique
579 1321 670 1376 ligones.

82 1392 91 1413 '
108 1397 160 1452 Qun
170 1405 284 1451 postquam
296 1408 387 1451 rapuere
395 1395 457 1447 fere,
467 1409 579 1452 cornuque
589 1396 672 1438 minaci

107 1467 210 1511 Diveliere
219 1469 295 1521 boves,
305 1470 332 1511 nd
342 1469 395 1512 vatis
405 1469 451 1512 fnta
461 1480 587 1520 recurrunt,

105 1542 282 1598 Tendentemque
292 1556 381 1595 manus,
391 1553 413 1586 et
422 1543 445 1586 in
455 1544 492 1586 ilio
503 1554 600 1601 tempore
609 1543 713 1601 primum

106 1617 170 1660 irrita
179 1616 298 1668 dicentem,
307 1631 346 1660 nee
356 1618 476 1673 quidquam
486 1633 536 1661 voce
547 1629 685 1671 moventem,

107 1689 217 1746 Sacrilegae
226 1690 344 1746 perimunt.
353 1692 435 1747 Perque
444 1706 480 1743 os,
489 1696 529 1748 pro
537 1692 631 1748 Jupiter!
642 1692 712 1747 inno,

107 1762 212 1806 Auditum
222 1763 288 1813 saxis,
298 1763 475 1819 intellectumque
485 1763 582 1807 ferarum

108 1836 222 1885 Sensibus,
231 1836 254 1877 in
263 1844 338 1879 ventos
347 1838 422 1879 anima
431 1837 529 1881 exhalata
539 1837 631 1881 recessit.

108 1912 137 1954 Te
147 1920 227 1953 moesne
237 1910 344 1962 volucres,
354 1913 453 1969 Orpheo,
463 1924 484 1956 te
493 1914 558 1956 turba
567 1912 678 1966 ferarum,

106 1987 136 2028 Te
146 1986 218 2041 rigidae
227 1986 308 2039 silices,
317 1997 355 2030 tua
364 1989 462 2032 carmina
470 2003 525 2045 saepe
535 1999 613 2031 secute

106 2057 221 2102 fleverunt
230 2058 299 2101 silvae:
309 2060 384 2116 positis
394 2069 414 2102 te
425 2060 539 2104 frondibus
547 2063 624 2113 arbos,

106 2132 178 2174 Tonse
186 2145 285 2184 comam,
295 2131 361 2176 luxit:
371 2133 472 2191 lacrymis
481 2148 569 2191 quoque
578 2135 673 2179 flumina
682 2137 763 2181 dicunt

106 2204 221 2248 lnereviese
230 2205 288 2248 sois:
298 2207 434 2264 obscuraque
443 2208 533 2251 carbasa
541 2207 602 2264 pullo
