1667 2584
120 231 147 260 ao
271 215 600 259 Murtuouruosaou
672 215 756 258 eost.

119 306 169 349 Non
178 320 246 349 essem
255 307 348 364 Cinyra,
357 306 440 363 Cinyrte
449 306 594 348 concumbere
602 306 699 360 possem!
766 362 770 366 4

119 383 184 423 Nunc
191 381 241 436 quia
249 389 294 423 tam
302 394 363 423 mens
370 391 413 432 est,
421 395 466 423 non
473 391 505 423 est
511 394 584 431 meum
592 379 679 435 ipsaque
686 366 774 424 damno

118 458 155 499 Est
163 456 217 498 mihi
226 456 365 511 proximitas:
376 456 445 499 aliena
454 456 563 512 potentior
572 468 647 497 essem.

118 532 152 572 lre
161 530 213 573 libet
221 529 296 588 procul
306 531 367 582 hinc,
377 532 501 587 patriosque
510 530 629 586 relinquere
639 529 703 580 lines,

118 590 175 646 llum
184 603 252 646 scelus
261 603 373 660 effugiam.
383 605 467 648 Retinet
476 604 546 646 malus
555 617 615 646 error
624 612 749 656 amantem3

118 678 147 720 Ut
155 690 247 732 praesens
256 687 351 733 spectem
360 677 466 734 Cinyran,
476 686 616 732 tangamque,
627 677 760 732 loquarque,

117 749 237 806 Osculaque
246 752 386 801 admoveam,
395 751 412 792 si
423 750 453 792 nil
463 749 588 793 conceditur
597 749 661 792 ultra.

117 822 177 865 Ultra
186 832 259 865 autem
269 837 354 879 sperare
363 823 445 879 aliquid
453 833 525 879 potes,
534 823 602 879 impia
612 822 684 879 virqol

117 897 172 943 Neo,
183 904 237 950 quot
246 895 367 938 confundas
376 905 397 937 et
403 896 455 950 jura
464 905 486 938 et
495 895 596 947 nomina,
605 896 683 938 sentis?

117 960 178 1012 Tune
187 969 228 1011 eris
237 978 259 1011 et
269 969 344 1012 matris
353 969 432 1025 pellex,
442 979 464 1012 et
472 970 568 1012 adultera
578 970 658 1025 patris?

117 1046 178 1087 Tune
187 1057 249 1085 soror
258 1044 328 1100 gnati,
337 1044 470 1100 genitrixque
480 1046 583 1087 vocabere
592 1044 677 1088 fratris!

117 1121 163 1161 Nec
173 1128 257 1162 metues
266 1129 313 1162 atro
323 1118 410 1162 crinitus
420 1133 490 1176 angue
500 1122 597 1170 Sorores,

117 1193 186 1249 Quas,
196 1192 279 1235 lacibus
289 1193 348 1235 saevis
356 1192 430 1235 oculos
439 1203 504 1248 atque
513 1207 551 1235 ora
559 1202 668 1249 petentes,

116 1264 185 1306 Noxia
195 1266 260 1307 corda
270 1265 353 1307 vident?
363 1270 388 1307 dt
397 1274 433 1315 tu,
443 1266 497 1307 dum
506 1279 595 1321 corpore
605 1278 681 1307 nones

116 1339 189 1387 Passa,
199 1337 260 1380 nefas
269 1337 344 1380 animo
353 1351 380 1379 ne
389 1338 491 1394 concipe:
501 1352 554 1380 neve
563 1338 655 1394 potentis

48 1410 55 1439 'x
115 1410 237 1454 Concubitu
247 1410 312 1453 vetito
322 1413 409 1453 uatum
418 1410 491 1467 pollue
500 1410 576 1453 foedus.

116 1484 176 1527 Velle
185 1494 251 1540 puta:
262 1497 295 1526 res
304 1484 349 1540 ipsa
359 1494 422 1527 vetat.
433 1484 481 1526 Pius
491 1484 536 1534 ille,
546 1497 674 1540 memorque

113 1558 184 1611 luris;
194 1567 215 1600 et
223 1558 247 1599 o!
257 1557 334 1599 vellem
343 1556 419 1599 similis
429 1556 491 1599 furor
499 1567 553 1600 esset
562 1557 585 1599 in
594 1556 661 1599 illel„

146 1632 260 1685 «vixeram
271 1642 294 1675 at
302 1631 401 1690 Cinyras,
411 1646 477 1688 quem
487 1632 549 1688 copia
559 1633 624 1689 digna
632 1646 768 1689 procorum,

115 1707 172 1764 Quid
182 1705 258 1757 faciat,
268 1706 367 1750 dubitare
377 1706 441 1759 facit,
449 1706 539 1749 scitatur
548 1707 576 1749 ab
586 1707 643 1762 ipsa,

114 1779 246 1823 Nominibus
256 1779 329 1831 dietis,
339 1779 401 1835 cujus
411 1779 462 1823 velit
470 1793 515 1822 esse
525 1779 604 1822 mariti.

113 1854 153 1897 Illa
162 1853 209 1896 silet
218 1853 299 1909 primo;
310 1846 428 1911 patriisque
436 1855 459 1896 iu
468 1854 563 1897 vultibus
572 1854 665 1906 hmreus,

115 1931 207 1976 AEstuat,
217 1936 238 1969 et
248 1927 319 1981 tepido
329 1925 439 1970 suffundit
449 1927 533 1970 lumina
543 1940 597 1969 rore.

116 1999 211 2056 Virginei
221 1999 309 2056 Cinyras
318 1999 363 2042 haec
373 2000 461 2042 credens
470 2013 514 2042 esse
524 1999 618 2049 timoris,

115 2074 174 2117 Flere
183 2083 251 2125 vetat,
261 2073 369 2129 siccatque
378 2088 454 2130 genas.
463 2085 528 2130 atque
537 2074 610 2116 oscula
616 2074 699 2131 jungit.

115 2147 203 2204 Myrrha
211 2147 266 2190 datis
275 2147 370 2190 nimium
380 2149 470 2204 gaudem
481 2148 632 2204 consultaque,
641 2149 733 2204 qualem

115 2223 179 2278 Optet
188 2221 267 2265 habere
276 2220 360 2266 virum:
370 2222 486 2266 «Similem
497 2222 547 2276 tibi,
556 2223 616 2266 dixit.
623 2240 634 2262 u
644 2226 671 2267 tt
679 2222 718 2268 ille
