1667 2584
71 196 146 226 uoto.
287 184 388 226 mora
405 183 480 226 Xlll.
665 183 704 225 103

70 270 123 325 Quid
131 269 185 313 fucis
193 270 288 321 interea,
299 270 337 324 qui
347 269 390 320 nil,
400 271 441 312 nisi
451 269 534 326 praelia,
543 271 613 313 nosti?

69 341 117 398 Quis
126 352 177 397 tuus
186 355 240 384 usus
249 347 309 384 erat?
317 355 369 383 nam
378 342 396 383 si
406 356 455 383 mea
465 341 522 384 laeta
531 342 633 397 requiris,

68 414 165 456 Hostibus
175 413 274 464 insidior,
285 412 352 455 fossas
362 414 484 456 munimine
493 414 566 470 cingo,

67 488 165 530 Consolor
174 489 256 539 socios,
267 498 292 530 ut
301 487 358 544 longi
369 489 431 531 tedia
440 489 490 531 belli

66 561 131 604 lleute
141 560 214 604 ferant
223 561 307 617 placida
315 576 321 611 ;
328 563 405 611 doceo,
414 576 459 617 quo
468 562 536 604 simus
545 561 628 612 alendi,

67 635 190 677 irruandive
201 635 281 687 modo,
291 634 372 684 mittor,
381 649 425 689 quo
435 636 529 690 postulat
538 649 597 677 usus.

92 709 161 750 «Eece
170 706 230 749 lovis
241 704 339 756 monltu,
348 707 449 763 deeeptus
460 708 554 763 imagine
563 707 646 758 somni,

65 782 101 823 ltu
107 781 174 837 jubet
182 780 263 835 incepti
273 793 348 821 curam
358 780 466 822 dimittere
475 779 531 821 belli.

63 852 95 895 llle
104 863 176 909 potest
184 863 274 896 auctore
283 866 345 894 suam
356 852 470 895 defendere
480 864 576 895 oausam.

63 928 106 969 Non
115 928 174 971 sinat
183 928 226 969 hoc
236 927 298 983 ajax,
309 925 441 981 delendaque
451 929 553 982 Pergamo
562 935 647 981 poscut3

62 999 164 1057 Quodque
173 1009 257 1056 potest,
266 1010 354 1055 pugnet.
364 1002 407 1042 Gur
416 1009 593 1042 non-remoratur
601 999 682 1041 ituros?

62 1075 101 1116 Cur
109 1088 155 1116 uon
165 1086 228 1115 arma
238 1072 308 1128 capit?
317 1074 364 1123 dat,
374 1074 433 1128 quod
443 1086 495 1128 ruga
505 1074 568 1115 turha
578 1077 691 1128 sequatur?

61 1145 105 1188 Non
114 1156 162 1189 erat
172 1146 214 1186 hoc
224 1145 330 1194 nimium,
341 1159 454 1200 nunquam
464 1145 505 1186 nisi
516 1159 593 1200 magna
601 1143 705 1201 loquenti.

62 1219 124 1276 Quid,
133 1219 195 1274 quod
205 1227 226 1260 et
235 1217 280 1273 ipse
290 1216 358 1272 fugiet
368 1217 422 1267 vidi,
433 1217 553 1273 puduitque
563 1217 644 1270 videre,

61 1293 130 1348 Quum
141 1302 167 1335 tu
181 1302 241 1348 targa
251 1292 323 1341 dares,
333 1290 490 1346 inhonestaque
500 1289 546 1332 velo
555 1304 647 1346 parares.

60 1364 99 1406 Nee
109 1378 181 1411 mora,
193 1365 249 1420 Quid
260 1363 330 1406 facitis
338 1369 345 1403 t
353 1377 401 1418 quae
411 1363 576 1414 vestimentis,
586 1365 641 1417 diri,

59 1438 164 1489 Concitet,
174 1452 188 1479 o
198 1437 264 1488 socii,
275 1446 360 1493 captam
370 1437 478 1491 dimittere
487 1436 588 1493 Trojoml

16 1550 17 1559 ,
58 1511 135 1567 Quidve
146 1513 241 1553 domum
251 1509 311 1552 fertis
320 1511 415 1559 decimo,
425 1510 465 1553 nisi
476 1511 579 1564 dedecus,
588 1518 659 1555 anuo?

58 1583 141 1628 Talibus
150 1596 217 1640 atque
227 1583 287 1633 aliis,
296 1584 320 1625 iu
329 1598 375 1640 quae
385 1584 447 1645 dolor
456 1584 500 1640 ipse
509 1585 614 1628 disertum

61 1658 155 1707 Fecerat.
165 1672 251 1701 aversos
260 1657 352 1713 profuga
362 1660 388 1700 de
396 1658 463 1700 classe
473 1660 554 1702 reduxi.

86 1734 214 1776 uConrocat
222 1731 305 1774 Atrides
314 1731 383 1773 socios
393 1741 474 1774 terrore
483 1742 594 1787 patentes;

59 1803 98 1847 lieo
106 1804 273 1848 Telamoniades
284 1804 348 1847 etiam
358 1818 417 1847 nunc
426 1805 508 1846 hiscere
516 1806 635 1862 quidquam

59 1878 127 1921 lusit:
137 1889 161 1921 at
170 1892 238 1921 ausus
247 1890 294 1920 erat
302 1892 360 1934 reges
369 1880 474 1921 incessere
483 1880 544 1922 dictis

56 1949 168 2003 Thersites,
179 1952 245 1994 etiam
255 1965 294 2007 per
303 1965 338 1993 me
347 1952 407 1994 haud
416 1940 638 2009 impune,'protettis

16 2018 17 2083 l
57 2022 134 2080 Erigor,
143 2034 165 2066 et
175 2023 269 2080 trepidos
279 2024 334 2066 cives
343 2024 446 2067 exhortor
454 2025 477 2067 iu
486 2025 584 2073 hostem,

16 2102 17 2105 ’
58 2097 204 2154 imissamqno
214 2112 263 2141 mea
273 2098 374 2141 virtutem
384 2112 436 2140 voce
444 2112 538 2154 reposco.

57 2168 158 2230 Tempore
167 2174 196 2217 ah
205 2173 259 2226 hoe,
268 2175 413 2229 quodcunque
422 2183 493 2229 potest
501 2171 576 2214 iecisse
585 2170 651 2212 videri
