1667 2584
72 232 157 274 t.633.
304 231 404 272 llBEll
421 231 491 273 xlv.
677 236 716 288 ¹59

71 322 158 365 Radicis
168 322 235 363 fibras
244 320 368 364 labentibus
378 321 452 376 irrigat
463 320 533 362 undis.

70 395 109 437 llic
119 409 192 446 amor,
203 395 245 436 ltoc
254 394 364 436 studium:
374 393 463 437 Veneris
473 406 560 448 quoquo
568 393 628 437 nulla
638 395 723 451 cupido.

72 468 124 510 Vim
136 478 213 511 tamen
222 469 334 523 agrestum
345 475 454 515 metuens,
464 466 562 522 pomaria
574 467 656 512 claudit

72 543 148 592 lutus,
158 552 180 585 et
189 554 289 583 accessus
298 539 397 595 prohibet
407 539 529 596 refugitque
540 540 616 584 viriles.

72 616 130 673 Quid
140 629 187 658 uou
198 625 220 657 et
229 614 309 671 Satyri,
318 613 430 656 saltatibus
439 614 610 670 uptajnventut‚

72 689 163 737 Fecere,
173 697 195 730 et
205 687 260 743 pinu
270 686 377 742 procincti
387 699 469 728 cornua
479 687 555 737 Patres,

73 760 230 816 Silvanusque,
240 760 285 801 suis
294 773 379 814 semper
384 759 504 815 juvenilior
513 760 587 810 aunis,

73 835 161 891 Quique
172 836 227 875 Deus
237 832 296 875 fures
305 832 338 873 vel
348 832 402 874 falce
411 832 444 874 vel
453 833 541 888 inguine
551 843 626 882 terret.

74 909 103 949 Ut
112 916 242 962 poterentur
250 911 287 947 ea!
296 906 333 947 sed
342 904 401 947 euim
410 907 527 961 superabat
535 907 630 949 amando

75 980 117 1020 llos
126 992 217 1034 quoque
228 979 373 1020 Vertumnus:
384 991 454 1033 neque
463 989 509 1020 erat
518 977 601 1021 felicior
609 978 657 1021 illis.

76 1054 103 1095 0!
116 1053 204 1109 quoties
213 1052 289 1094 babitu
299 1052 349 1093 duri
359 1053 459 1094 messoris
469 1053 544 1095 aristas

76 1129 145 1170 Corbe
154 1127 217 1177 tulit,
227 1126 313 1181 verique
320 1126 367 1169 fuit
376 1127 475 1169 messoria
485 1126 567 1183 imago!

9 1252 10 1259 ἵ
70 1200 184 1256 'tempora
192 1213 247 1256 sape
257 1213 332 1255 gerens
340 1200 399 1241 foeno
408 1200 497 1254 religata
507 1201 597 1251 receuti,

76 1275 190 1317 Desectunt
201 1282 286 1328 poterat
296 1286 385 1327 gramen
395 1285 488 1315 versasse
497 1272 571 1315 videri.

76 1349 133 1404 Saepe
144 1360 213 1389 mauu
223 1345 323 1388 stimulos
333 1345 400 1401 rigida
409 1345 521 1402 portabat,
532 1346 627 1391 utillum

75 1422 161 1464 Jurares
171 1418 239 1462 festos
248 1419 314 1460 modo
323 1418 452 1474 disjunxisse
456 1420 569 1475 juvencos,

77 1493 137 1536 l‘alce
144 1494 198 1535 data
207 1490 320 1533 frondator
329 1501 385 1541 erat,
396 1493 487 1549 vitisque
496 1503 597 1549 putator:

77 1567 180 1609 induerat
188 1564 267 1615 sealss;
277 1564 384 1607 lecturum
394 1573 460 1621 potua
470 1577 563 1622 putaret.

77 1641 135 1683 Miles
143 1650 189 1682 erat
199 1637 281 1694 gladio,
290 1638 384 1692 pisoetor
391 1639 498 1682 arundine
507 1651 587 1684 sumta.

75 1714 169 1769 llenique
179 1725 218 1768 per
226 1710 307 1753 multas
316 1711 400 1753 aditum
409 1712 450 1753 sibi
460 1725 514 1768 saepe
523 1713 603 1769 ligurus

75 1785 169 1843 Repetit,
179 1793 204 1826 ut
213 1792 299 1839 caperet
308 1794 407 1838 spectatu
416 1784 494 1839 gaudia
504 1784 588 1829 formu,

74 1861 111 1904 Ille
119 1861 185 1904 etiam
195 1859 253 1914 picta
262 1858 375 1901 redimitus
385 1870 483 1915 tempora
492 1858 568 1914 mitra,

74 1936 168 1978 Innitens
178 1932 267 1980 baculo,
277 1931 354 1987 positis·
361 1934 388 1974 ad
398 1943 496 1990 tempora
506 1936 575 1987 canis,

74 2006 214 2052 Adsimulavit
223 2016 291 2047 auum
298 2037 304 2054 ‚
312 2005 425 2061 cultosque
433 2006 521 2049 intrarit
529 2009 551 2050 iu
561 2009 646 2061 hortos,

75 2084 181 2135 Pomaque
191 2079 269 2123 miratu
277 2090 322 2120 est:
333 2080 463 2134 «Tauroque
472 2080 591 2134 potentior!
600 2080 681 2135 iuquit3
688 2096 700 2120 u
715 2115 718 2121 .

75 2157 184 2209 Paucaque
194 2152 286 2194 laudata
295 2152 354 2194 dedit
363 2152 448 2202 osenla.
458 2153 531 2207 qualia
540 2166 654 2207 uunquam

73 2231 128 2271 Vera
136 2226 228 2269 dedisset
237 2238 304 2268 anus:
315 2225 419 2280 glebaque
427 2226 517 2268 incurro
526 2225 614 2273 resedit.
