1667 2584
78 202 156 247 nao7.
323 195 421 237 LIBER
439 196 467 238 X.
686 199 713 238 15

76 279 168 337 Tempus
178 291 200 325 et
208 282 263 325 illud
272 283 324 333 erit,
333 297 377 338 quo
386 297 407 325 se
417 283 547 327 fortissimus
555 283 618 328 heros

75 354 141 397 Addet
150 355 173 397 in
183 356 243 399 liunc
253 356 341 403 llorem,
350 355 445 413 lolioque
454 357 537 413 legatur
545 360 627 401 eodem.
633 376 652 398 o.

104 429 182 471 «Talia
191 430 246 472 dum
256 443 306 472 vero
316 440 466 473 memorantur
475 431 577 486 Apollinis
586 446 633 484 ore,

21 484 23 515 ἰ
74 503 124 545 Eece
133 517 206 554 eruor,
216 504 254 560 qui
263 502 325 546 fusus
335 504 397 545 ltumi
406 505 526 560 signaverat
534 502 637 557 herbam,

74 576 152 619 Desinit
161 590 207 619 esse
216 590 282 619 cruor
288 596 294 630 ;
301 577 406 633 Tyrioque
416 578 518 620 nitentior
527 589 585 621 ostro

75 648 122 691 Flos
134 650 212 697 oritur,
222 648 362 704 famamque
371 650 438 705 capit,
445 665 511 706 quam
522 651 577 701 lilia;
588 652 660 695 sinon

31 769 34 772 ⁴
73 723 196 778 Purpureus
206 721 266 764 color
275 723 337 770 huic,
346 732 458 777 argenteus
467 734 522 766 esset
530 725 553 766 in
563 724 610 766 illis.

21 794 22 803 ¹
74 795 123 837 Non
132 796 185 837 satis
195 796 236 836 hoc
246 795 324 837 Phtebo
334 805 366 837 est
373 795 404 851 (is
413 796 472 838 enim
482 796 525 839 fuit
533 808 609 840 auctor
617 797 721 854 honoris)
730 814 735 840 :

21 884 23 891 ’
74 870 120 925 lpse
128 883 181 911 suos
190 868 285 924 gemitus
294 867 351 910 foliis
360 868 467 918 inscribit;
477 879 499 911 et
508 869 538 911 ai!
549 870 580 911 ai!

21 936 22 947 ³
73 943 120 985 l'los
129 944 197 985 hahet
207 943 349 998 inscriptum,
359 941 486 998 funestaque
496 944 556 986 litera
565 945 631 986 ducta
639 948 684 988 est*

21 1046 22 1057 t
74 1019 117 1061 Nec
126 1017 227 1075 genuisse
236 1018 302 1073 pudet
312 1019 401 1072 Sparten
411 1017 555 1074 Hyacinthon3
564 1019 676 1074 honorque

21 1076 22 1111 3
71 1092 137 1135 llurat
146 1091 170 1134 in
181 1090 281 1139 boden,
290 1090 459 1146 celebrandaque
469 1106 528 1134 more
537 1093 635 1148 priorum

21 1148 22 1155 l
71 1166 148 1207 Annua
158 1162 246 1220 praelata
255 1164 347 1206 redeunt
356 1163 481 1220 Hyacinthia
490 1177 576 1220 pompa.

98 1312 134 1352 Vl.
146 1311 195 1352 «Ar
203 1310 221 1351 si
231 1308 286 1353 forte
295 1322 356 1365 roges
366 1308 482 1352 fecundam
492 1311 624 1354 Amathunta
634 1310 726 1362 metalli,

71 1386 100 1427 dn
109 1384 209 1440 genuisse
219 1380 268 1425 vefit
279 1384 418 1438 Propoetidas;
428 1385 511 1427 abnuat
519 1399 589 1441 teque,

72 1462 138 1515 ltque
145 1458 205 1509 illos,
216 1457 303 1513 gemino
312 1458 422 1513 quondam
433 1460 512 1514 quibus
522 1473 596 1515 aspera
605 1473 673 1502 cornu

69 1533 133 1574 Frons
143 1541 202 1585 erat3
212 1531 270 1575 unde
279 1529 345 1572 etiam
355 1544 435 1573 nomen
445 1541 526 1573 traxere
535 1534 631 1574 Cerastae.

71 1609 122 1647 Ante
132 1605 190 1656 fores
201 1603 280 1645 horum
291 1604 363 1646 stabat
370 1604 427 1647 lovis
436 1605 528 1660 llospitis
537 1618 586 1654 ara,

70 1677 174 1734 lugubris
183 1675 278 1727 sceleris,
289 1690 355 1733 quam
365 1677 383 1718 si
392 1678 441 1732 quis
450 1678 553 1733 sangnine
562 1676 653 1721 tinctam

70 1752 153 1793 Advena
163 1749 260 1800 vidisset,
271 1758 376 1791 mactatos
385 1751 479 1792 crederet
488 1749 531 1792 illic

71 1825 179 1867 Lactentet
189 1822 280 1871 vitulos,
289 1822 476 1864 Amathusiacasve
485 1822 594 1866 bidentes:

70 1898 146 1953 Hospes
155 1904 202 1938 erat
211 1907 284 1937 caesus.
295 1893 362 1936 Sacris
372 1894 456 1937 oflensa
466 1894 576 1947 nefandis,

69 1971 113 2026 Ipsa
121 1983 172 2012 suas
182 1969 258 2018 urbes,
268 1966 413 2023 Ophiusiaque
422 1982 473 2010 arva
481 1970 573 2024 parabat

69 2045 163 2086 Deserere
172 2042 232 2084 alma
242 2042 323 2083 Venus.
334 2041 392 2082 «Sed
400 2041 452 2096 quid
462 2040 510 2083 loca
519 2052 590 2096 grata,
599 2041 652 2098 quid
661 2042 736 2090 urben

70 2118 179 2160 Peeeavere
189 2119 256 2157 meae?
265 2113 324 2169 quod
334 2113 427 2163 crimen,
437 2113 500 2164 dixit,
510 2114 596 2156 inillis?

71 2191 142 2237 Exsilio
152 2201 241 2248 ponem
251 2186 324 2244 potius
333 2200 383 2245 gens
392 2187 459 2243 impia
469 2189 559 2242 pendat„
