<?xml version="1.0" encoding="UTF-8"?>
<!DOCTYPE html PUBLIC "-//W3C//DTD XHTML 1.0 Transitional//EN"
    "http://www.w3.org/TR/xhtml1/DTD/xhtml1-transitional.dtd">
<html xmlns="http://www.w3.org/1999/xhtml" xml:lang="en" lang="en">
 <head>
  <title>
</title>
<meta http-equiv="Content-Type" content="text/html;charset=utf-8" />
  <meta name='ocr-system' content='tesseract 3.04.00' />
  <meta name='ocr-capabilities' content='ocr_page ocr_carea ocr_par ocr_line ocrx_word'/>
</head>
<body>
  <div class='ocr_page' id='page_1' title='image "./opera00rivigoog_0100.png"; bbox 0 0 1667 2584; ppageno 0'>
   <div class='ocr_carea' id='block_1_1' title="bbox 117 207 763 259">
    <p class='ocr_par' dir='ltr' id='par_1_1' title="bbox 117 207 763 259">
     <span class='ocr_line' id='line_1_1' title="bbox 117 207 763 259; baseline -0.006 -7"><span class='ocrx_word' id='word_1_1' title='bbox 117 223 154 254; x_wconf 84' lang='lat' dir='ltr'><strong>rua</strong></span> <span class='ocrx_word' id='word_1_2' title='bbox 265 207 594 259; x_wconf 73' lang='lat' dir='ltr'><strong>METAMouraosaort</strong></span> <span class='ocrx_word' id='word_1_3' title='bbox 666 218 689 248; x_wconf 87' lang='lat' dir='ltr'><strong>r.</strong></span> <span class='ocrx_word' id='word_1_4' title='bbox 704 207 763 249; x_wconf 64' lang='lat' dir='ltr'><strong>183ae</strong></span> 
     </span>
    </p>
   </div>
   <div class='ocr_carea' id='block_1_2' title="bbox 109 295 791 2250">
    <p class='ocr_par' dir='ltr' id='par_1_2' title="bbox 111 295 791 1219">
     <span class='ocr_line' id='line_1_2' title="bbox 112 295 620 353; baseline -0.008 -12"><span class='ocrx_word' id='word_1_5' title='bbox 112 300 235 353; x_wconf 76' lang='lat' dir='ltr'><strong>Exspectata</strong></span> <span class='ocrx_word' id='word_1_6' title='bbox 244 297 293 349; x_wconf 81' lang='lat' dir='ltr'><strong>diu,</strong></span> <span class='ocrx_word' id='word_1_7' title='bbox 303 297 374 349; x_wconf 85' lang='lat' dir='ltr'><strong>nulla,</strong></span> <span class='ocrx_word' id='word_1_8' title='bbox 383 307 421 341; x_wconf 88' lang='lat' dir='ltr'><strong>aut</strong></span> <span class='ocrx_word' id='word_1_9' title='bbox 430 296 537 339; x_wconf 87' lang='lat' dir='ltr'><strong>contraria</strong></span> <span class='ocrx_word' id='word_1_10' title='bbox 547 295 620 346; x_wconf 79' lang='lat' dir='ltr'>classi,</span> 
     </span>
     <span class='ocr_line' id='line_1_3' title="bbox 112 370 733 427; baseline -0.006 -13"><span class='ocrx_word' id='word_1_11' title='bbox 112 370 210 414; x_wconf 86' lang='lat' dir='ltr'><strong>Flamina</strong></span> <span class='ocrx_word' id='word_1_12' title='bbox 218 381 281 414; x_wconf 87' lang='lat' dir='ltr'><strong>sunt:</strong></span> <span class='ocrx_word' id='word_1_13' title='bbox 290 372 392 427; x_wconf 74' lang='lat' dir='ltr'><strong>duraeque</strong></span> <span class='ocrx_word' id='word_1_14' title='bbox 397 370 479 427; x_wconf 85' lang='lat' dir='ltr'><strong>jubent</strong></span> <span class='ocrx_word' id='word_1_15' title='bbox 487 372 651 425; x_wconf 71' lang='lat' dir='ltr'><strong>Agamemnona</strong></span> <span class='ocrx_word' id='word_1_16' title='bbox 659 377 733 411; x_wconf 78' lang='lat' dir='ltr'><strong>sortes</strong></span> 
     </span>
     <span class='ocr_line' id='line_1_4' title="bbox 112 442 589 487; baseline -0.006 -1"><span class='ocrx_word' id='word_1_17' title='bbox 112 442 246 486; x_wconf 87' lang='lat' dir='ltr'><strong>immeritam</strong></span> <span class='ocrx_word' id='word_1_18' title='bbox 256 458 314 487; x_wconf 79' lang='lat' dir='ltr'><strong>savae</strong></span> <span class='ocrx_word' id='word_1_19' title='bbox 324 452 398 486; x_wconf 85' lang='lat' dir='ltr'><strong>natam</strong></span> <span class='ocrx_word' id='word_1_20' title='bbox 408 453 503 485; x_wconf 89' lang='lat' dir='ltr'><strong>mactare</strong></span> <span class='ocrx_word' id='word_1_21' title='bbox 512 442 589 484; x_wconf 72' lang='lat' dir='ltr'><strong>utana.</strong></span> 
     </span>
     <span class='ocr_line' id='line_1_5' title="bbox 113 514 642 573; baseline -0.008 -14"><span class='ocrx_word' id='word_1_22' title='bbox 113 518 206 573; x_wconf 72' lang='lat' dir='ltr'><strong>Denegm</strong></span> <span class='ocrx_word' id='word_1_23' title='bbox 214 516 255 567; x_wconf 73' lang='lat' dir='ltr'><strong>hoc</strong></span> <span class='ocrx_word' id='word_1_24' title='bbox 265 516 354 572; x_wconf 75' lang='lat' dir='ltr'><strong>genitor,</strong></span> <span class='ocrx_word' id='word_1_25' title='bbox 363 515 461 570; x_wconf 77' lang='lat' dir='ltr'><strong>Ditisque</strong></span> <span class='ocrx_word' id='word_1_26' title='bbox 471 515 570 558; x_wconf 80' lang='lat' dir='ltr'><strong>irascitur</strong></span> <span class='ocrx_word' id='word_1_27' title='bbox 578 514 642 570; x_wconf 90' lang='lat' dir='ltr'><strong>ipsis:</strong></span> 
     </span>
     <span class='ocr_line' id='line_1_6' title="bbox 113 587 693 646; baseline -0.007 -12"><span class='ocrx_word' id='word_1_28' title='bbox 113 593 182 646; x_wconf 78' lang='lat' dir='ltr'><strong>Atque</strong></span> <span class='ocrx_word' id='word_1_29' title='bbox 190 589 213 632; x_wconf 91' lang='lat' dir='ltr'><strong>in</strong></span> <span class='ocrx_word' id='word_1_30' title='bbox 223 604 270 645; x_wconf 72' lang='lat' dir='ltr'><strong>rege</strong></span> <span class='ocrx_word' id='word_1_31' title='bbox 281 601 353 634; x_wconf 86' lang='lat' dir='ltr'><strong>tamen</strong></span> <span class='ocrx_word' id='word_1_32' title='bbox 363 599 424 645; x_wconf 87' lang='lat' dir='ltr'><strong>pater</strong></span> <span class='ocrx_word' id='word_1_33' title='bbox 433 598 471 631; x_wconf 89' lang='lat' dir='ltr'><strong>est.</strong></span> <span class='ocrx_word' id='word_1_34' title='bbox 480 591 524 644; x_wconf 73' lang='lat' dir='ltr'><strong>Ego</strong></span> <span class='ocrx_word' id='word_1_35' title='bbox 534 589 586 631; x_wconf 86' lang='lat' dir='ltr'><strong>mite</strong></span> <span class='ocrx_word' id='word_1_36' title='bbox 595 587 693 644; x_wconf 87' lang='lat' dir='ltr'><strong>parentis</strong></span> 
     </span>
     <span class='ocr_line' id='line_1_7' title="bbox 112 661 633 720; baseline -0.006 -15"><span class='ocrx_word' id='word_1_37' title='bbox 112 663 226 720; x_wconf 76' lang='lat' dir='ltr'><strong>Ingenium</strong></span> <span class='ocrx_word' id='word_1_38' title='bbox 236 663 305 705; x_wconf 86' lang='lat' dir='ltr'><strong>verbis</strong></span> <span class='ocrx_word' id='word_1_39' title='bbox 314 663 341 705; x_wconf 88' lang='lat' dir='ltr'><strong>ad</strong></span> <span class='ocrx_word' id='word_1_40' title='bbox 350 662 438 718; x_wconf 90' lang='lat' dir='ltr'><strong>publica</strong></span> <span class='ocrx_word' id='word_1_41' title='bbox 447 663 563 703; x_wconf 86' lang='lat' dir='ltr'><strong>commoda</strong></span> <span class='ocrx_word' id='word_1_42' title='bbox 572 661 633 703; x_wconf 82' lang='lat' dir='ltr'><strong>verti.</strong></span> 
     </span>
     <span class='ocr_line' id='line_1_8' title="bbox 112 734 704 792; baseline -0.007 -12"><span class='ocrx_word' id='word_1_43' title='bbox 112 740 177 780; x_wconf 84' lang='lat' dir='ltr'><strong>Nunc</strong></span> <span class='ocrx_word' id='word_1_44' title='bbox 186 737 297 792; x_wconf 81' lang='lat' dir='ltr'><strong>equidem,</strong></span> <span class='ocrx_word' id='word_1_45' title='bbox 308 735 384 788; x_wconf 79' lang='lat' dir='ltr'><strong>fateor,</strong></span> <span class='ocrx_word' id='word_1_46' title='bbox 393 734 492 791; x_wconf 83' lang='lat' dir='ltr'><strong>fassoque</strong></span> <span class='ocrx_word' id='word_1_47' title='bbox 501 735 598 790; x_wconf 80' lang='lat' dir='ltr'><strong>ignoscat</strong></span> <span class='ocrx_word' id='word_1_48' title='bbox 606 734 704 788; x_wconf 73' lang='lat' dir='ltr'><strong>Atrides,</strong></span> 
     </span>
     <span class='ocr_line' id='line_1_9' title="bbox 112 807 614 864; baseline -0.006 -12"><span class='ocrx_word' id='word_1_49' title='bbox 112 809 226 853; x_wconf 80' lang='lat' dir='ltr'><strong>Difficilem</strong></span> <span class='ocrx_word' id='word_1_50' title='bbox 236 810 294 852; x_wconf 90' lang='lat' dir='ltr'><strong>tenui</strong></span> <span class='ocrx_word' id='word_1_51' title='bbox 304 809 345 851; x_wconf 89' lang='lat' dir='ltr'><strong>sub</strong></span> <span class='ocrx_word' id='word_1_52' title='bbox 354 808 430 864; x_wconf 91' lang='lat' dir='ltr'><strong>iniquo</strong></span> <span class='ocrx_word' id='word_1_53' title='bbox 436 807 510 864; x_wconf 87' lang='lat' dir='ltr'><strong>judice</strong></span> <span class='ocrx_word' id='word_1_54' title='bbox 520 821 614 850; x_wconf 83' lang='lat' dir='ltr'><strong>causam.</strong></span> 
     </span>
     <span class='ocr_line' id='line_1_10' title="bbox 112 882 671 939; baseline -0.004 -13"><span class='ocrx_word' id='word_1_55' title='bbox 112 886 173 926; x_wconf 81' lang='lat' dir='ltr'><strong>Hunc</strong></span> <span class='ocrx_word' id='word_1_56' title='bbox 185 894 256 926; x_wconf 84' lang='lat' dir='ltr'><strong>tamen</strong></span> <span class='ocrx_word' id='word_1_57' title='bbox 266 883 347 926; x_wconf 90' lang='lat' dir='ltr'><strong>utilitas</strong></span> <span class='ocrx_word' id='word_1_58' title='bbox 356 882 443 939; x_wconf 87' lang='lat' dir='ltr'><strong>populi,</strong></span> <span class='ocrx_word' id='word_1_59' title='bbox 453 882 573 938; x_wconf 77' lang='lat' dir='ltr'><strong>fraterque,</strong></span> <span class='ocrx_word' id='word_1_60' title='bbox 582 882 671 938; x_wconf 86' lang='lat' dir='ltr'><strong>datique</strong></span> 
     </span>
     <span class='ocr_line' id='line_1_11' title="bbox 112 956 791 1012; baseline 0.003 -12"><span class='ocrx_word' id='word_1_61' title='bbox 112 960 202 1000; x_wconf 86' lang='lat' dir='ltr'><strong>Summa</strong></span> <span class='ocrx_word' id='word_1_62' title='bbox 212 967 285 999; x_wconf 81' lang='lat' dir='ltr'><strong>movet</strong></span> <span class='ocrx_word' id='word_1_63' title='bbox 293 957 381 1012; x_wconf 83' lang='lat' dir='ltr'><strong>sceptri,</strong></span> <span class='ocrx_word' id='word_1_64' title='bbox 391 956 478 999; x_wconf 82' lang='lat' dir='ltr'><strong>laudem</strong></span> <span class='ocrx_word' id='word_1_65' title='bbox 487 965 513 998; x_wconf 92' lang='lat' dir='ltr'><strong>ut</strong></span> <span class='ocrx_word' id='word_1_66' title='bbox 521 969 572 998; x_wconf 86' lang='lat' dir='ltr'><strong>curn</strong></span> <span class='ocrx_word' id='word_1_67' title='bbox 581 956 689 1011; x_wconf 69' lang='lat' dir='ltr'><strong>sanguine</strong></span> <span class='ocrx_word' id='word_1_68' title='bbox 697 966 791 1012; x_wconf 77' lang='lat' dir='ltr'><strong>penset.</strong></span> 
     </span>
     <span class='ocr_line' id='line_1_12' title="bbox 112 1030 716 1084; baseline 0 -11"><span class='ocrx_word' id='word_1_69' title='bbox 112 1032 187 1074; x_wconf 80' lang='lat' dir='ltr'><strong>Mittor</strong></span> <span class='ocrx_word' id='word_1_70' title='bbox 195 1038 217 1072; x_wconf 88' lang='lat' dir='ltr'><strong>et</strong></span> <span class='ocrx_word' id='word_1_71' title='bbox 226 1030 252 1071; x_wconf 91' lang='lat' dir='ltr'><strong>ad</strong></span> <span class='ocrx_word' id='word_1_72' title='bbox 263 1039 367 1081; x_wconf 82' lang='lat' dir='ltr'><strong>matrem,</strong></span> <span class='ocrx_word' id='word_1_73' title='bbox 378 1043 425 1084; x_wconf 81' lang='lat' dir='ltr'><strong>quae</strong></span> <span class='ocrx_word' id='word_1_74' title='bbox 435 1043 478 1072; x_wconf 88' lang='lat' dir='ltr'><strong>uon</strong></span> <span class='ocrx_word' id='word_1_75' title='bbox 489 1030 607 1082; x_wconf 82' lang='lat' dir='ltr'><strong>hortanda,</strong></span> <span class='ocrx_word' id='word_1_76' title='bbox 617 1031 655 1072; x_wconf 86' lang='lat' dir='ltr'><strong>sed</strong></span> <span class='ocrx_word' id='word_1_77' title='bbox 664 1039 716 1074; x_wconf 89' lang='lat' dir='ltr'><strong>astu</strong></span> 
     </span>
     <span class='ocr_line' id='line_1_13' title="bbox 111 1100 600 1159; baseline -0.002 -14"><span class='ocrx_word' id='word_1_78' title='bbox 111 1102 239 1159; x_wconf 84' lang='lat' dir='ltr'><strong>Decipienda</strong></span> <span class='ocrx_word' id='word_1_79' title='bbox 247 1100 300 1144; x_wconf 83' lang='lat' dir='ltr'><strong>luit:</strong></span> <span class='ocrx_word' id='word_1_80' title='bbox 311 1116 355 1157; x_wconf 91' lang='lat' dir='ltr'><strong>quo</strong></span> <span class='ocrx_word' id='word_1_81' title='bbox 364 1102 381 1144; x_wconf 89' lang='lat' dir='ltr'><strong>si</strong></span> <span class='ocrx_word' id='word_1_82' title='bbox 391 1100 529 1144; x_wconf 76' lang='lat' dir='ltr'><strong>Telamonius</strong></span> <span class='ocrx_word' id='word_1_83' title='bbox 539 1102 600 1155; x_wconf 85' lang='lat' dir='ltr'><strong>isset,</strong></span> 
     </span>
     <span class='ocr_line' id='line_1_14' title="bbox 112 1174 589 1219; baseline -0.008 0"><span class='ocrx_word' id='word_1_84' title='bbox 112 1177 169 1219; x_wconf 85' lang='lat' dir='ltr'><strong>Orba</strong></span> <span class='ocrx_word' id='word_1_85' title='bbox 177 1176 221 1219; x_wconf 89' lang='lat' dir='ltr'><strong>suis</strong></span> <span class='ocrx_word' id='word_1_86' title='bbox 230 1184 299 1218; x_wconf 82' lang='lat' dir='ltr'><strong>essent</strong></span> <span class='ocrx_word' id='word_1_87' title='bbox 308 1174 430 1218; x_wconf 86' lang='lat' dir='ltr'><strong>etiamnum</strong></span> <span class='ocrx_word' id='word_1_88' title='bbox 440 1174 506 1217; x_wconf 87' lang='lat' dir='ltr'><strong>lintea</strong></span> <span class='ocrx_word' id='word_1_89' title='bbox 515 1174 589 1217; x_wconf 78' lang='lat' dir='ltr'><strong>ventis.</strong></span> 
     </span>
    </p>

    <p class='ocr_par' dir='ltr' id='par_1_3' title="bbox 109 1248 729 1890">
     <span class='ocr_line' id='line_1_15' title="bbox 141 1248 624 1301; baseline 0 -10"><span class='ocrx_word' id='word_1_90' title='bbox 141 1250 234 1293; x_wconf 73' lang='lat' dir='ltr'><strong>«Mittor</strong></span> <span class='ocrx_word' id='word_1_91' title='bbox 242 1259 264 1291; x_wconf 88' lang='lat' dir='ltr'><strong>et</strong></span> <span class='ocrx_word' id='word_1_92' title='bbox 273 1248 346 1291; x_wconf 88' lang='lat' dir='ltr'><strong>lliacas</strong></span> <span class='ocrx_word' id='word_1_93' title='bbox 356 1249 426 1292; x_wconf 80' lang='lat' dir='ltr'><strong>audax</strong></span> <span class='ocrx_word' id='word_1_94' title='bbox 435 1258 508 1291; x_wconf 91' lang='lat' dir='ltr'><strong>orator</strong></span> <span class='ocrx_word' id='word_1_95' title='bbox 516 1249 544 1291; x_wconf 90' lang='lat' dir='ltr'><strong>ad</strong></span> <span class='ocrx_word' id='word_1_96' title='bbox 554 1262 624 1301; x_wconf 85' lang='lat' dir='ltr'><strong>arces;</strong></span> 
     </span>
     <span class='ocr_line' id='line_1_16' title="bbox 111 1322 647 1380; baseline -0.006 -13"><span class='ocrx_word' id='word_1_97' title='bbox 111 1325 205 1380; x_wconf 87' lang='lat' dir='ltr'><strong>Visaque</strong></span> <span class='ocrx_word' id='word_1_98' title='bbox 214 1333 236 1367; x_wconf 87' lang='lat' dir='ltr'><strong>et</strong></span> <span class='ocrx_word' id='word_1_99' title='bbox 246 1324 325 1366; x_wconf 86' lang='lat' dir='ltr'><strong>intrata</strong></span> <span class='ocrx_word' id='word_1_100' title='bbox 334 1333 366 1366; x_wconf 90' lang='lat' dir='ltr'><strong>est</strong></span> <span class='ocrx_word' id='word_1_101' title='bbox 375 1322 423 1365; x_wconf 74' lang='lat' dir='ltr'><strong>alte</strong></span> <span class='ocrx_word' id='word_1_102' title='bbox 433 1322 486 1366; x_wconf 89' lang='lat' dir='ltr'><strong>mihi</strong></span> <span class='ocrx_word' id='word_1_103' title='bbox 496 1322 556 1365; x_wconf 84' lang='lat' dir='ltr'><strong>curia</strong></span> <span class='ocrx_word' id='word_1_104' title='bbox 565 1322 647 1379; x_wconf 84' lang='lat' dir='ltr'><strong>Trojae:</strong></span> 
     </span>
     <span class='ocr_line' id='line_1_17' title="bbox 110 1393 639 1451; baseline -0.008 -11"><span class='ocrx_word' id='word_1_105' title='bbox 110 1397 216 1451; x_wconf 77' lang='lat' dir='ltr'><strong>Plenaque</strong></span> <span class='ocrx_word' id='word_1_106' title='bbox 225 1396 296 1437; x_wconf 87' lang='lat' dir='ltr'><strong>adhuc</strong></span> <span class='ocrx_word' id='word_1_107' title='bbox 306 1405 353 1438; x_wconf 90' lang='lat' dir='ltr'><strong>erat</strong></span> <span class='ocrx_word' id='word_1_108' title='bbox 361 1395 397 1437; x_wconf 92' lang='lat' dir='ltr'><strong>illa</strong></span> <span class='ocrx_word' id='word_1_109' title='bbox 405 1395 463 1437; x_wconf 83' lang='lat' dir='ltr'><strong>viris.</strong></span> <span class='ocrx_word' id='word_1_110' title='bbox 473 1394 585 1437; x_wconf 84' lang='lat' dir='ltr'><strong>Interritus</strong></span> <span class='ocrx_word' id='word_1_111' title='bbox 594 1393 639 1450; x_wconf 76' lang='lat' dir='ltr'><strong>egi,</strong></span> 
     </span>
     <span class='ocr_line' id='line_1_18' title="bbox 111 1466 720 1526; baseline -0.005 -14"><span class='ocrx_word' id='word_1_112' title='bbox 111 1472 182 1526; x_wconf 79' lang='lat' dir='ltr'><strong>Quam</strong></span> <span class='ocrx_word' id='word_1_113' title='bbox 193 1468 246 1510; x_wconf 88' lang='lat' dir='ltr'><strong>mihi</strong></span> <span class='ocrx_word' id='word_1_114' title='bbox 256 1468 370 1511; x_wconf 87' lang='lat' dir='ltr'><strong>mandarat</strong></span> <span class='ocrx_word' id='word_1_115' title='bbox 379 1466 504 1510; x_wconf 87' lang='lat' dir='ltr'><strong>communis</strong></span> <span class='ocrx_word' id='word_1_116' title='bbox 513 1467 603 1517; x_wconf 75' lang='lat' dir='ltr'><strong>Graecia,</strong></span> <span class='ocrx_word' id='word_1_117' title='bbox 613 1476 720 1509; x_wconf 61' lang='lat' dir='ltr'><strong>cauum:</strong></span> 
     </span>
     <span class='ocr_line' id='line_1_19' title="bbox 110 1538 729 1596; baseline -0.006 -11"><span class='ocrx_word' id='word_1_118' title='bbox 110 1545 234 1596; x_wconf 70' lang='lat' dir='ltr'><strong>accusoque</strong></span> <span class='ocrx_word' id='word_1_119' title='bbox 243 1539 317 1592; x_wconf 87' lang='lat' dir='ltr'><strong>Parin,</strong></span> <span class='ocrx_word' id='word_1_120' title='bbox 325 1541 463 1596; x_wconf 72' lang='lat' dir='ltr'><strong>praedamque</strong></span> <span class='ocrx_word' id='word_1_121' title='bbox 472 1538 617 1594; x_wconf 80' lang='lat' dir='ltr'><strong>Helenamque</strong></span> <span class='ocrx_word' id='word_1_122' title='bbox 626 1552 729 1595; x_wconf 79' lang='lat' dir='ltr'><strong>reposco;</strong></span> 
     </span>
     <span class='ocr_line' id='line_1_20' title="bbox 109 1611 729 1668; baseline -0.01 -8"><span class='ocrx_word' id='word_1_123' title='bbox 109 1618 137 1660; x_wconf 87' lang='lat' dir='ltr'><strong>Et</strong></span> <span class='ocrx_word' id='word_1_124' title='bbox 146 1629 222 1658; x_wconf 84' lang='lat' dir='ltr'><strong>moveo</strong></span> <span class='ocrx_word' id='word_1_125' title='bbox 232 1613 353 1664; x_wconf 82' lang='lat' dir='ltr'><strong>Priamum,</strong></span> <span class='ocrx_word' id='word_1_126' title='bbox 362 1613 490 1668; x_wconf 83' lang='lat' dir='ltr'><strong>Priamoque</strong></span> <span class='ocrx_word' id='word_1_127' title='bbox 499 1615 608 1655; x_wconf 79' lang='lat' dir='ltr'><strong>Antenora</strong></span> <span class='ocrx_word' id='word_1_128' title='bbox 613 1611 729 1668; x_wconf 83' lang='lat' dir='ltr'><strong>junctum.</strong></span> 
     </span>
     <span class='ocr_line' id='line_1_21' title="bbox 110 1683 626 1742; baseline -0.014 -10"><span class='ocrx_word' id='word_1_129' title='bbox 110 1692 136 1732; x_wconf 74' lang='lat' dir='ltr'><strong>At</strong></span> <span class='ocrx_word' id='word_1_130' title='bbox 145 1688 214 1739; x_wconf 80' lang='lat' dir='ltr'><strong>Paris,</strong></span> <span class='ocrx_word' id='word_1_131' title='bbox 223 1696 244 1731; x_wconf 89' lang='lat' dir='ltr'><strong>et</strong></span> <span class='ocrx_word' id='word_1_132' title='bbox 254 1686 340 1737; x_wconf 81' lang='lat' dir='ltr'><strong>fratres,</strong></span> <span class='ocrx_word' id='word_1_133' title='bbox 350 1686 417 1742; x_wconf 82' lang='lat' dir='ltr'><strong>etqui</strong></span> <span class='ocrx_word' id='word_1_134' title='bbox 428 1697 518 1740; x_wconf 88' lang='lat' dir='ltr'><strong>rapuere</strong></span> <span class='ocrx_word' id='word_1_135' title='bbox 527 1685 568 1727; x_wconf 88' lang='lat' dir='ltr'><strong>sub</strong></span> <span class='ocrx_word' id='word_1_136' title='bbox 577 1683 626 1734; x_wconf 87' lang='lat' dir='ltr'><strong>illo,</strong></span> 
     </span>
     <span class='ocr_line' id='line_1_22' title="bbox 109 1756 707 1818; baseline -0.007 -14"><span class='ocrx_word' id='word_1_137' title='bbox 109 1762 151 1804; x_wconf 86' lang='lat' dir='ltr'><strong>Vix</strong></span> <span class='ocrx_word' id='word_1_138' title='bbox 160 1772 247 1804; x_wconf 88' lang='lat' dir='ltr'><strong>tenuere</strong></span> <span class='ocrx_word' id='word_1_139' title='bbox 257 1774 336 1803; x_wconf 82' lang='lat' dir='ltr'><strong>manus</strong></span> <span class='ocrx_word' id='word_1_140' title='bbox 345 1760 399 1818; x_wconf 86' lang='lat' dir='ltr'><strong>(scis</strong></span> <span class='ocrx_word' id='word_1_141' title='bbox 408 1760 461 1810; x_wconf 88' lang='lat' dir='ltr'><strong>hoe,</strong></span> <span class='ocrx_word' id='word_1_142' title='bbox 471 1757 579 1814; x_wconf 79' lang='lat' dir='ltr'><strong>Menelao)</strong></span> <span class='ocrx_word' id='word_1_143' title='bbox 588 1756 707 1809; x_wconf 72' lang='lat' dir='ltr'><strong>nefandas5</strong></span> 
     </span>
     <span class='ocr_line' id='line_1_23' title="bbox 109 1830 625 1890; baseline -0.01 -13"><span class='ocrx_word' id='word_1_144' title='bbox 109 1835 223 1890; x_wconf 88' lang='lat' dir='ltr'><strong>Primaque</strong></span> <span class='ocrx_word' id='word_1_145' title='bbox 232 1833 269 1876; x_wconf 87' lang='lat' dir='ltr'><strong>lux</strong></span> <span class='ocrx_word' id='word_1_146' title='bbox 278 1834 356 1877; x_wconf 90' lang='lat' dir='ltr'><strong>nostris</strong></span> <span class='ocrx_word' id='word_1_147' title='bbox 366 1842 437 1876; x_wconf 89' lang='lat' dir='ltr'><strong>tecum</strong></span> <span class='ocrx_word' id='word_1_148' title='bbox 448 1832 491 1874; x_wconf 80' lang='lat' dir='ltr'><strong>luit</strong></span> <span class='ocrx_word' id='word_1_149' title='bbox 499 1831 536 1875; x_wconf 88' lang='lat' dir='ltr'><strong>illa</strong></span> <span class='ocrx_word' id='word_1_150' title='bbox 544 1830 625 1888; x_wconf 87' lang='lat' dir='ltr'><strong>pericli.</strong></span> 
     </span>
    </p>

    <p class='ocr_par' dir='ltr' id='par_1_4' title="bbox 109 1903 764 2250">
     <span class='ocr_line' id='line_1_24' title="bbox 140 1903 764 1962; baseline 0.003 -18"><span class='ocrx_word' id='word_1_151' title='bbox 140 1909 229 1962; x_wconf 69' lang='lat' dir='ltr'><strong>«Longa</strong></span> <span class='ocrx_word' id='word_1_152' title='bbox 238 1904 316 1947; x_wconf 84' lang='lat' dir='ltr'><strong>referre</strong></span> <span class='ocrx_word' id='word_1_153' title='bbox 325 1919 388 1948; x_wconf 88' lang='lat' dir='ltr'><strong>mora</strong></span> <span class='ocrx_word' id='word_1_154' title='bbox 396 1916 439 1956; x_wconf 86' lang='lat' dir='ltr'><strong>est,</strong></span> <span class='ocrx_word' id='word_1_155' title='bbox 448 1919 497 1960; x_wconf 75' lang='lat' dir='ltr'><strong>quae</strong></span> <span class='ocrx_word' id='word_1_156' title='bbox 506 1903 638 1960; x_wconf 86' lang='lat' dir='ltr'><strong>consilioque</strong></span> <span class='ocrx_word' id='word_1_157' title='bbox 647 1916 764 1959; x_wconf 85' lang='lat' dir='ltr'><strong>manuque</strong></span> 
     </span>
     <span class='ocr_line' id='line_1_25' title="bbox 110 1976 515 2034; baseline -0.007 -12"><span class='ocrx_word' id='word_1_158' title='bbox 110 1979 195 2022; x_wconf 86' lang='lat' dir='ltr'><strong>Utiliter</strong></span> <span class='ocrx_word' id='word_1_159' title='bbox 205 1977 245 2020; x_wconf 83' lang='lat' dir='ltr'><strong>feei</strong></span> <span class='ocrx_word' id='word_1_160' title='bbox 255 1977 342 2033; x_wconf 82' lang='lat' dir='ltr'><strong>spatiosi</strong></span> <span class='ocrx_word' id='word_1_161' title='bbox 352 1987 448 2034; x_wconf 87' lang='lat' dir='ltr'><strong>tempore</strong></span> <span class='ocrx_word' id='word_1_162' title='bbox 458 1976 515 2020; x_wconf 86' lang='lat' dir='ltr'><strong>belli.</strong></span> 
     </span>
     <span class='ocr_line' id='line_1_26' title="bbox 109 2050 623 2106; baseline 0.002 -13"><span class='ocrx_word' id='word_1_163' title='bbox 109 2053 159 2094; x_wconf 88' lang='lat' dir='ltr'><strong>Post</strong></span> <span class='ocrx_word' id='word_1_164' title='bbox 168 2051 223 2093; x_wconf 85' lang='lat' dir='ltr'><strong>acies</strong></span> <span class='ocrx_word' id='word_1_165' title='bbox 232 2050 324 2106; x_wconf 85' lang='lat' dir='ltr'><strong>primas,</strong></span> <span class='ocrx_word' id='word_1_166' title='bbox 334 2050 394 2092; x_wconf 90' lang='lat' dir='ltr'><strong>urbis</strong></span> <span class='ocrx_word' id='word_1_167' title='bbox 403 2065 425 2092; x_wconf 85' lang='lat' dir='ltr'><strong>se</strong></span> <span class='ocrx_word' id='word_1_168' title='bbox 434 2051 542 2093; x_wconf 76' lang='lat' dir='ltr'><strong>munibus</strong></span> <span class='ocrx_word' id='word_1_169' title='bbox 551 2051 623 2094; x_wconf 87' lang='lat' dir='ltr'><strong>hostes</strong></span> 
     </span>
     <span class='ocr_line' id='line_1_27' title="bbox 109 2123 579 2179; baseline 0 -14"><span class='ocrx_word' id='word_1_170' title='bbox 109 2123 239 2166; x_wconf 78' lang='lat' dir='ltr'><strong>continuere</strong></span> <span class='ocrx_word' id='word_1_171' title='bbox 248 2123 297 2174; x_wconf 78' lang='lat' dir='ltr'><strong>diu3</strong></span> <span class='ocrx_word' id='word_1_172' title='bbox 306 2136 346 2165; x_wconf 87' lang='lat' dir='ltr'><strong>uec</strong></span> <span class='ocrx_word' id='word_1_173' title='bbox 356 2123 423 2179; x_wconf 86' lang='lat' dir='ltr'><strong>aperti</strong></span> <span class='ocrx_word' id='word_1_174' title='bbox 433 2123 495 2178; x_wconf 84' lang='lat' dir='ltr'><strong>eopia</strong></span> <span class='ocrx_word' id='word_1_175' title='bbox 504 2124 579 2166; x_wconf 83' lang='lat' dir='ltr'><strong>Martis</strong></span> 
     </span>
     <span class='ocr_line' id='line_1_28' title="bbox 114 2191 647 2250; baseline 0.004 -15"><span class='ocrx_word' id='word_1_176' title='bbox 114 2191 160 2235; x_wconf 87' lang='lat' dir='ltr'><strong>Ulla</strong></span> <span class='ocrx_word' id='word_1_177' title='bbox 170 2193 224 2237; x_wconf 82' lang='lat' dir='ltr'><strong>luit:</strong></span> <span class='ocrx_word' id='word_1_178' title='bbox 234 2193 318 2236; x_wconf 83' lang='lat' dir='ltr'><strong>decimo</strong></span> <span class='ocrx_word' id='word_1_179' title='bbox 328 2195 417 2238; x_wconf 82' lang='lat' dir='ltr'><strong>demunt</strong></span> <span class='ocrx_word' id='word_1_180' title='bbox 429 2195 572 2250; x_wconf 72' lang='lat' dir='ltr'><strong>pugnavimus</strong></span> <span class='ocrx_word' id='word_1_181' title='bbox 582 2209 647 2238; x_wconf 68' lang='lat' dir='ltr'><strong>anun</strong></span> 
     </span>
    </p>
   </div>
   <div class='ocr_carea' id='block_1_3' title="bbox 0 0 838 2584">
    <p class='ocr_par' dir='ltr' id='par_1_5' title="bbox 0 0 838 2584">
     <span class='ocr_line' id='line_1_29' title="bbox 0 0 838 2584; baseline 0 0"><span class='ocrx_word' id='word_1_182' title='bbox 0 0 838 2584; x_wconf 95' lang='lat' dir='ltr'><strong> </strong></span> 
     </span>
    </p>
   </div>
  </div>
 </body>
</html>
