1667 2584
109 185 149 226 106
257 179 589 224 Mtrauoteflosaorr
662 198 682 227 v.
697 200 752 244 apr.

105 275 219 317 lnduerett
228 285 299 328 neque
309 272 369 315 enim
378 271 447 330 clypei
457 271 569 316 oelaarim
577 274 649 326 nent,

105 351 216 391 Oceanum
225 357 247 390 et
256 356 334 397 terras,
344 358 440 401 cumque
449 346 493 390 alto
503 347 572 391 sidera
580 348 646 402 coelo,

104 423 254 478 Pleiadasque,
265 422 403 478 Hyadesque.
411 422 579 478 immunemque
585 424 678 479 sequeris
686 424 788 486 destun,

103 497 243 552 Diversasque
253 496 328 548 urbes,
339 494 479 550 nitidumque
486 495 572 539 Orionis
581 510 663 540 ensem.

104 570 201 613 Postulat
208 580 234 613 ut
241 569 323 625 rapiat,
333 582 382 624 quae
390 582 435 611 nou
445 568 557 626 intelligit,
567 584 636 613 arma.

105 645 175 701 Quidl
184 645 243 701 quod
253 657 300 694 me,
308 644 357 686 duri
367 642 487 700 fugientem
497 658 588 688 munera
598 646 661 698 belli,

105 718 182 774 deguit
190 718 277 772 incepta
285 729 359 759 serum
369 716 480 759 accessisse
489 716 571 759 labarit

106 792 151 833 Nee
162 803 184 833 se
194 789 335 845 magnanimo
345 787 473 831 maledicere
482 790 547 833 sentit
555 789 644 833 Achilli?

105 863 127 906 Si
136 862 248 905 simulasse
257 870 320 904 voest
328 862 425 913 crimen,
434 861 585 906 simulavimus
594 865 670 907 ambo.

105 937 127 978 Si
137 949 198 978 mora
207 949 247 992 pro
255 934 318 990 eulpa
327 943 370 983 eat;
379 948 419 990 ego
428 949 479 977 sum
490 936 598 978 maturior
607 937 653 981 illo.

105 1013 140 1054 llle
149 1010 185 1067 pia
194 1009 288 1052 detinuit
295 1008 386 1065 cunjux;
395 1010 433 1065 pia
441 1020 512 1053 mater
520 1011 624 1054 Achillem
633 1030 638 1055 :

105 1083 219 1138 Primaque
227 1090 279 1124 sunt
288 1080 329 1123 illis
337 1081 388 1124 data
398 1092 508 1137 tempera,
518 1093 588 1126 cetera
598 1087 667 1129 robis.

105 1158 168 1200 liaud
177 1156 254 1204 timeo,
263 1155 281 1197 si
287 1155 336 1212 jam
346 1168 430 1211 nequeo
439 1156 553 1200 defendere
561 1158 646 1202 crimen

107 1233 164 1275 Cum
174 1240 235 1273 tante
243 1242 361 1272 commune
371 1229 423 1272 viro.
432 1232 551 1286 Deprensus
560 1231 626 1275 Ulixis

108 1302 197 1358 ingenio
207 1313 280 1344 tumen
288 1301 335 1355 ille;
345 1311 367 1344 at
376 1315 421 1344 non
431 1302 511 1358 ljaeis,
521 1303 597 1347 Ulixes.

106 1377 166 1419 Neve
175 1376 197 1417 in
208 1386 243 1418 me
252 1374 333 1418 stolide
342 1375 439 1418 convicia
448 1375 538 1420 fundere
547 1377 627 1435 linquae

107 1450 247 1494 Admiremur
255 1463 318 1500 eum;
328 1451 388 1493 vobis
396 1465 484 1507 qunque
491 1453 556 1508 digna
564 1455 650 1509 pudore

109 1525 196 1582 objicit.
206 1528 238 1568 An
249 1524 303 1566 false
313 1524 440 1568 Palameden
449 1526 539 1569 numine
548 1537 612 1584 turpe

107 1603 221 1644 Aeeusasse
230 1599 296 1651 mihi,
306 1599 366 1642 robis
375 1601 489 1644 damnasse
496 1603 602 1645 decorum
611 1611 657 1647 estt

107 1673 149 1716 Sed
158 1686 228 1729 neque
238 1673 367 1729 Naupliades
376 1674 461 1718 mainus
470 1675 583 1719 defendere
594 1687 696 1736 tanturnr

108 1748 206 1802 Tamque
215 1756 301 1802 patens.
310 1746 388 1799 valuit3
398 1762 438 1790 nee
448 1762 484 1791 vos
491 1750 583 1793 audistis
592 1752 614 1795 in
624 1752 663 1795 illo

106 1820 202 1863 Crimina
214 1836 218 1861 :
228 1819 320 1871 vidistis,
330 1822 441 1877 pretioque
451 1822 535 1879 objecta
544 1826 657 1880 patebant.

137 1912 148 1934 a
155 1893 343 1936 NeePoeantiadeu
351 1897 410 1949 quod
421 1897 486 1940 habet
497 1897 601 1941 Vulcania
610 1902 719 1953 Lemnos,

105 1970 154 2011 Esse
165 1980 212 2009 reus
222 1966 304 2009 merui:
315 1966 398 2010 factum
408 1969 516 2014 defendite
524 1981 633 2025 vestrum
667 2001 670 2007 ·

103 2040 243 2084 Gousensistis
252 2041 321 2082 enim:
332 2055 370 2084 nec
380 2057 415 2086 me
424 2046 514 2088 suasisse
524 2048 619 2103 negabo,

106 2116 133 2157 Ut
141 2128 163 2156 se
173 2115 309 2158 subtraheret
318 2115 410 2172 bellique
420 2119 500 2175 viaeque
509 2120 590 2173 labori,

107 2190 250 2244 ‘lentaretque
260 2188 317 2234 feros
325 2190 398 2247 requie
408 2192 474 2238 lenire
484 2194 575 2239 dolores.
