1667 2584
242 141 556 276 TRISTIUM

196 399 329 459 LIBER
349 396 595 459 SECUNDUS.

70 734 128 788 Quin
138 729 195 772 mihi
205 729 318 771 vobiscum
327 738 370 779 est,
379 727 455 771 infelix
464 742 527 779 curu,
537 728 615 778 libelli,

24 827 31 844 .
99 803 192 860 Ingenio
201 802 254 859 perii
264 801 301 857 qui
312 803 377 845 miser
385 802 431 858 ipse
441 807 503 844 meo!

70 880 114 921 Cur
124 878 193 920 modo
203 877 317 919 damnatus
327 886 411 933 repeto,
421 889 471 918 mea
480 875 583 926 crimina,
593 877 679 922 Musa!

98 958 132 994 An
141 950 210 993 semel
219 959 252 993 est
260 963 346 1006 poensm
356 949 510 993 commeruisse
519 954 612 1006 paruml

70 1024 175 1068 Carmina
184 1022 295 1073 fecerunt,
306 1034 331 1067 ut
340 1037 375 1067 me
384 1037 512 1081 cognoscere
522 1023 600 1067 vellent

99 1098 179 1142 Omine
188 1111 233 1140 non
243 1097 313 1141 lausto
324 1098 406 1142 femina
414 1100 501 1155 virque,
511 1113 573 1142 mea:

68 1173 172 1217 Carmina
182 1172 290 1222 fecerunt,
300 1182 325 1215 nt
335 1187 370 1215 me
380 1186 494 1227 moresque
504 1183 591 1215 notaret

98 1249 148 1289 lam
158 1247 248 1288 demum
258 1246 381 1287 visucaesar
389 1246 418 1290 uh
428 1248 477 1287 Arre
487 1259 553 1287 meos.

71 1322 136 1362 Deme
146 1318 200 1360 mihi
210 1317 318 1368 studium
328 1317 376 1360 vire
385 1330 473 1372 qunque
482 1318 574 1359 crimina
583 1319 662 1361 demes.

98 1399 217 1450 Acceptum
227 1391 297 1434 refero
303 1390 413 1445 versibus,
421 1404 466 1434 esse
475 1405 561 1434 nocens.

70 1471 114 1511 Hoc
123 1467 218 1523 pretium
228 1469 285 1508 curm
293 1464 475 1522 vigilatorumque
485 1465 587 1509 laborum

102 1541 214 1597 Cepimus:
225 1539 311 1598 ingenio
320 1553 382 1595 poena
392 1550 477 1596 reperta
486 1553 542 1582 meo.

72 1616 92 1658 Si
102 1628 210 1671 saperem,
220 1613 294 1656 doctas
303 1614 396 1656 odissem
402 1613 454 1670 jure
463 1615 563 1664 Sorores,

101 1688 198 1731 Numina
207 1685 285 1729 cultori
294 1686 414 1743 perniciose
424 1701 471 1729 suo.

72 1765 98 1806 lt
107 1775 165 1804 nunc
175 1760 249 1818 (tenu
259 1773 308 1801 meo
318 1772 390 1802 comes
399 1769 431 1803 est
440 1759 523 1801 insania
534 1760 639 1817 morboll

102 1839 153 1878 Saxa
163 1833 247 1876 malum
258 1832 327 1876 refero
337 1847 412 1876 rursus
421 1834 450 1875 ad
458 1833 501 1875 icto
508 1834 594 1889 pedem.

74 1909 155 1954 Scilicet
164 1917 185 1950 et
194 1908 263 1950 vietus
273 1907 349 1963 repetit
358 1906 465 1963 gladiator
473 1921 572 1958 arenam

103 1986 127 2027 Et
136 1981 190 2025 redit
198 1982 221 2023 in
231 1981 326 2024 tumidas
334 1980 442 2038 naufraga
451 1981 529 2037 puppis
538 1995 612 2037 aqum.

74 2058 178 2106 Forsitan,
188 2065 212 2099 ut
221 2056 333 2111 quondum
341 2056 484 2099 Teuthrantia
493 2069 558 2112 regns
568 2056 659 2108 tenenti,

102 2133 134 2174 Sic
143 2129 196 2172 mihi
206 2143 239 2171 res
248 2130 324 2171 endem
333 2129 412 2172 vulnus
422 2144 529 2186 opemque
539 2129 606 2174 ieret:

76 2208 186 2260 Musaque,
195 2216 263 2259 quam
272 2203 352 2255 morit,
362 2213 446 2248 molam
453 2218 541 2261 quoque
549 2204 616 2249 leniet
624 2205 691 2252 iram:
