1667 2584
109 198 136 240 tn
259 194 589 239 utramontttostou
666 200 757 252 t.q5o.

108 291 203 344 Ampyca
209 288 262 344 quid
272 287 363 329 referam
371 321 377 339 ,
386 287 424 342 qui
433 286 619 342 quadrupedantis
628 285 688 329 Oecll

109 361 163 404 Fixit
172 361 195 406 in
204 363 293 404 adversa
302 372 394 403 comum
404 361 450 402 sine
460 360 547 416 cuspide
557 359 634 402 vultu?

109 437 174 477 Vecte
183 435 344 478 Pelethronium
353 438 463 477 Macareus
474 434 496 476 in
506 443 581 490 pectus
590 435 670 477 adacto

108 510 186 553 Stravit
194 511 346 568 Erygdupam:
357 510 447 552 memini
457 519 478 552 et
488 508 593 552 venabula
603 510 670 553 condi

109 582 208 636 Iugulae,
220 583 301 624 Nesseis
311 568 528 637 manibus'conjecra.
536 581 629 638 Cymeli.

109 657 153 697 Nec
164 665 187 698 tu
197 656 311 698 credideris
321 665 406 698 tantum
417 655 517 699 cecinisse
527 654 602 697 futura

109 729 240 786 Ampyciden
251 731 357 785 Mopsum.
368 731 443 784 Mopso
450 728 562 784 jaculante
572 727 675 771 biformis

111 802 228 851 Occubuit‚
239 802 362 857 frustraque
372 802 431 858 loqui
442 802 532 844 tentarit
541 802 624 851 Odites,

111 874 141 915 td
151 884 251 917 mentum
261 874 345 945 Ιίψα,
356 883 473 929 mentoque
482 875 509 915 ad
519 884 608 929 guttura
618 874 669 917 fixo.

140 965 151 985 «
158 949 258 1004 Quinque
263 949 309 990 neci
314 951 401 990 Caeneus
406 946 679 1004 dederatsriphetumque,
684 952 833 1009 Bromumqn·

110 1022 318 1074 Antimachumque,
325 1021 477 1075 ilelimumque
483 1054 488 1071 ,
494 1020 682 1078 securiferumque
687 1025 824 1082 Pyracmon.

111 1095 206 1138 Vulnera
215 1106 260 1135 non
269 1093 360 1135 memini
369 1111 373 1135 ε
384 1107 501 1136 numerum
513 1107 638 1149 nomenque
647 1099 733 1140 notavi.

111 1169 209 1213 Provolat
217 1168 311 1211 Emathii
321 1168 394 1224 spoliis
403 1178 502 1211 armatus
512 1169 592 1220 llalesi,

112 1245 181 1300 Quem
191 1243 279 1285 dederat
288 1241 331 1285 leto
340 1275 345 1292 ,
354 1242 503 1296 membrisque
511 1251 533 1285 et
542 1255 632 1299 corpore
641 1244 732 1288 Latreus

112 1319 226 1361 Maximus.
235 1318 288 1360 iluic
298 1328 348 1360 etas
358 1318 415 1359 inter
420 1316 569 1374 juvenemque
578 1330 710 1375 senemque,

112 1393 149 1435 Vis
156 1391 258 1448 juvenilis
268 1401 326 1433 erat:
336 1392 449 1434 variabant
459 1402 557 1448 tempora
566 1393 622 1435 cani.

112 1466 153 1525 Qui
163 1465 249 1522 clypeo,
259 1464 372 1521 galeaque,
383 1465 552 1521 Macedoniaque
560 1465 638 1509 sarissa

112 1539 256 1595 Conspicuus,
266 1537 388 1593 faciemque
398 1538 500 1579 obversus
507 1539 529 1580 in
540 1542 618 1593 agmen
628 1548 763 1597 utrumque,

112 1617 220 1670 Armaque
229 1612 348 1662 concussit,
358 1623 485 1668 certumque
495 1613 599 1668 equitavit
608 1613 632 1655 in
642 1616 732 1668 orbem;

113 1689 227 1742 Verbaque
238 1695 269 1729 tot
278 1686 336 1729 fudit
345 1698 422 1729 vacuas
431 1687 542 1729 animosus
553 1685 574 1728 in
584 1700 649 1729 auras
658 1705 663 1729 :

114 1777 125 1800 n
132 1762 157 1803 Et
167 1770 187 1802 te
195 1759 264 1811 esni,
273 1758 355 1801 feram?
364 1772 416 1801 nam
427 1770 451 1801 tu
461 1759 515 1800 milti
525 1758 607 1801 femina
616 1772 712 1817 semper,

113 1836 147 1876 Tu
156 1833 210 1875 mihi
218 1833 286 1875 cunis
295 1834 336 1875 eris
345 1849 350 1873 ι
360 1844 400 1875 nec
409 1842 430 1875 te
440 1833 516 1875 natulis
524 1833 584 1888 origo

113 1904 261 1949 Comminutn
270 1912 410 1960 mentemque
420 1906 490 1955 subit,
499 1919 544 1961 quo
553 1906 642 1961 premia
653 1906 725 1960 facto,

114 1981 204 2035 Quaque
213 1977 253 2018 viri
262 1976 341 2019 falsam
350 1979 443 2034 speeiem
454 1980 551 2021 mercede
561 1981 656 2035 pararis?

114 2050 153 2093 Vel
163 2051 215 2105 quid
224 2052 275 2092 nata
284 2050 343 2098 vide,
352 2050 385 2091 rel
395 2051 448 2106 quid
457 2052 486 2093 sis
495 2064 565 2108 passa3
576 2053 707 2109 columque,

115 2126 136 2171 1.
146 2136 198 2178 cape
207 2137 259 2164 cum
268 2121 369 2175 calathis,
378 2133 400 2165 et
409 2124 503 2166 stamina
513 2125 588 2180 pollice
599 2135 679 2183 torque
688 2145 693 2169 ε

116 2195 172 2237 Bella
182 2194 277 2252 relinque
286 2196 342 2238 viris⁴
352 2212 363 2234 a
373 2198 466 2239 lactanti
476 2198 526 2240 talia
535 2201 623 2241 Caeneus
