1667 2584
123 183 151 223 at
273 178 603 223 Mtttuonrrtosnort
674 179 767 220 atat.

120 270 207 320 Dicam,
216 269 256 322 ait3
266 280 288 313 et
296 270 371 312 veteris
381 277 505 311 monstrum
515 267 622 309 mirabere
631 264 709 322 culpa.

120 343 160 385 Sed
169 341 231 385 labor
239 342 338 385 insolitus
344 342 393 398 jam
403 355 439 383 me
447 341 545 383 lassavit:
555 349 632 382 etecce

121 416 248 470 Opportuna
257 429 296 457 sua
306 414 417 457 blanditur
426 414 520 469 populus
530 415 621 464 umbra;

66 484 67 487 ’
121 487 204 543 Datque
213 497 286 541 torum
296 501 374 542 cespes.
384 487 445 529 Libet
453 487 494 528 hac
504 486 637 542 requiescere
647 496 726 529 tecum

122 559 162 616 (Et
172 560 288 617 requievit)
297 560 366 602 humo
372 577 383 598 u
390 577 395 601 ι
403 560 522 616 pressitque
529 569 551 602 et
558 572 658 615 gramen,
666 568 690 602 et
697 560 787 617 ipsum.

121 635 190 689 Inque
199 634 248 676 sinu
253 633 351 690 juvenis.
360 633 431 689 petita
440 633 531 682 cervice,
542 632 627 674 reclinis

123 707 157 749 Sic
165 707 206 760 ait;
216 721 241 749 ac
251 707 328 749 mediis
336 705 445 749 interserit
454 705 528 748 oscula
537 706 614 748 verbis.

151 853 187 895 xt.
198 869 209 891 ι(
217 854 326 895 Fortun-irc
336 852 429 895 audieris
437 853 533 907 aliquam
543 851 662 894 certamine
672 865 757 896 cursus

120 925 209 968 Veloces
219 938 328 980 superasse
336 923 397 967 viros.
410 927 460 966 Nou
469 923 544 966 fabula
554 938 631 966 rumor

120 1000 158 1042 Ille
168 999 222 1042 fuit:
233 1000 349 1055 superabat
358 999 425 1041 enim.
434 1001 479 1041 Nec
488 999 558 1041 dicere
567 1012 651 1055 posses,

120 1076 192 1118 tande
201 1076 293 1130 pedum,
304 1074 408 1117 formaene
418 1075 477 1116 bono
486 1073 622 1131 praestantior
630 1085 694 1118 esset.

120 1148 209 1191 Scitanti
219 1149 273 1190 neus
283 1148 334 1190 huic
343 1148 370 1190 de
379 1147 483 1203 conjuge,
494 1164 505 1186 c
513 1147 621 1203 Conjuge.
630 1148 699 1198 dixit,

120 1221 156 1263 Nil
166 1235 220 1277 opus
229 1231 271 1272 est,
281 1221 390 1271 Atalanta,
400 1220 439 1263 tibi
448 1236 453 1262 ε
463 1220 515 1277 fuge
525 1220 624 1277 conjugis
634 1234 711 1263 usum.

119 1297 164 1338 Nec
174 1305 248 1338 tamen
256 1294 347 1351 effugies
352 1294 433 1351 ,⁰teque
443 1294 489 1351 ipsa
498 1295 546 1336 viva
555 1295 648 1337 carebis.
656 1313 669 1334 »

119 1369 202 1411 Territa
210 1378 267 1411 sorte
276 1368 311 1410 net
321 1382 359 1424 per
369 1382 448 1424 opacas
457 1368 541 1410 innuba
550 1368 614 1411 siivas

119 1440 189 1492 Vivit,
199 1450 220 1483 et
228 1440 345 1485 instantem
356 1441 444 1483 turbam
454 1439 551 1482 violenta
560 1453 679 1497 procorum

120 1512 248 1556 Gonditiune
257 1511 318 1568 fugat
326 1529 331 1554 :
340 1529 351 1551 c
360 1514 405 1555 Nec
414 1526 464 1554 sum
473 1511 591 1568 potiunda,
600 1513 654 1566 nisi,
663 1515 754 1573 inquit,

120 1586 182 1630 Victa
193 1585 253 1642 prius
262 1599 341 1629 cursu:
352 1585 444 1642 pedibus
453 1586 577 1629 contendite
586 1600 683 1632 mecum.

121 1660 211 1703 Praemia
219 1660 287 1703 veloci
296 1659 377 1717 conjux
387 1659 521 1716 thalamique
530 1661 654 1713 dabuntur3

121 1736 179 1778 Mors
188 1735 283 1791 pretium
293 1737 372 1778 tardis:
382 1749 408 1778 ea
416 1735 450 1778 lex
460 1735 584 1779 maurinis
593 1747 646 1779 esto.
656 1754 668 1777 u

123 1808 163 1853 illa
172 1809 260 1864 quidem
270 1809 375 1852 immitis:
385 1810 422 1852 sed
432 1810 506 1867 (tanta
515 1812 613 1866 potentia
623 1810 702 1856 forme
712 1817 776 1874 esti)

120 1882 187 1926 Venit
195 1882 223 1924 ad
232 1881 288 1924 hanc
298 1881 367 1938 legem
378 1885 494 1927 temeraria
503 1886 567 1928 turba
576 1899 705 1942 prucorum.

122 1958 210 1999 Sederat
220 1953 364 2010 Hippomenes
373 1966 449 1998 cursus
458 1966 566 2013 spectator
575 1958 655 2014 iniqui:

123 2032 160 2080 Et,
171 2028 270 2071 «Petitur
278 2027 381 2083 cuiquam
391 2043 430 2084 per
439 2041 499 2074 tanta
508 2031 603 2087 pericula
612 2033 728 2090 conjuxit»

122 2101 219 2151 Dixerat,
229 2114 253 2142 ac
263 2099 342 2142 nimios
347 2099 456 2156 juvenum
466 2104 581 2148 damnarat
589 2120 683 2152 amores.

123 2169 150 2215 Ut
160 2171 250 2224 taciem,
259 2181 281 2215 et
289 2172 447 2235 positc'corpus
456 2176 561 2222 velamine
570 2179 635 2233 vidit,
