1667 2584
122 223 161 275 178
270 221 600 264 METAMORPHOSEON
674 236 696 265 v.
712 226 760 266 182.

118 314 251 368 Urgeturque
260 314 320 369 prior
327 314 436 364 veniente,
447 324 551 370 urgetque
559 313 653 370 priorem
661 334 668 369 ;

118 387 225 441 Tempora
233 386 264 427 sic
273 386 361 442 fugiunt
370 387 455 442 pariter,
465 386 587 443 pariterque
595 398 735 443 sequnnturs

118 460 145 501 Et
154 472 209 499 nova
218 469 270 501 sunt
278 472 373 514 semper:
383 471 435 501 uam
443 459 501 514 quod
511 458 554 501 fuit
562 469 623 508 onte.
633 458 739 503 relictum
748 471 789 503 est.

117 531 203 586 Fitque,
210 531 332 586 quoddmud
337 531 579 587 mammoneamque
584 542 789 576 cunctnnoranmr.

118 604 191 647 Cernis
200 614 222 647 et
230 617 323 646 emersus
332 604 354 645 in
364 603 436 646 lucem
446 605 532 647 tendere
541 614 625 655 noctes,

119 680 145 721 Et
152 677 220 733 juber
228 678 270 721 hoc
279 678 374 720 nitidum
384 678 449 734 nigrre
459 679 572 720 succedere
580 678 647 721 nocti.

119 753 164 793 Nec
175 751 235 792 color
242 761 275 793 est
283 751 341 793 idem
350 751 415 799 coelo,
425 765 495 806 quum
506 750 560 792 lasse
569 750 641 806 quiete

117 825 200 867 Cuncta
205 824 280 879 jacent
290 824 371 874 media,
381 837 494 879 quumque
503 822 554 864 albo
564 822 648 865 Lucifer
656 823 702 866 exit

119 897 193 941 Clarus
202 912 270 953 equo:
282 911 412 953 rursumque
421 897 476 939 alius
482 930 488 943 ,
494 910 564 951 quum
573 896 652 952 praerie
662 895 708 940 luci

117 971 255 1014 Tradendnm
265 970 343 1012 Phoebo
353 970 465 1012 Pallantius
474 970 543 1012 inficit
551 970 635 1012 orbem.

66 1077 70 1087 ,
118 1047 165 1100 Ipse
175 1044 210 1086 Dei
219 1042 317 1099 clypeus,
327 1052 383 1084 term
392 1057 462 1097 quum
473 1043 556 1085 tollitur
564 1043 620 1093 ima,

118 1120 181 1160 Mane
191 1117 265 1165 rubet,
276 1125 384 1170 terraque,
395 1116 469 1162 rubetq
479 1128 548 1171 quum
558 1115 661 1157 conditur
670 1116 731 1160 ime:

119 1191 228 1233 Candidus
237 1190 259 1230 in
269 1202 357 1230 summo
366 1199 408 1232 est.
419 1187 496 1237 melior
504 1198 583 1230 natura
592 1189 651 1243 quod
661 1189 707 1232 illic

120 1263 208 1306 AEtheris
217 1273 260 1314 est,
270 1271 373 1316 temque
382 1261 458 1317 procui
467 1260 566 1316 contagia
575 1260 635 1304 vitat.

120 1339 165 1379 Nec
174 1351 213 1392 par
222 1346 260 1378 aut
270 1336 345 1377 eadem
355 1344 465 1377 nocturnae
476 1333 547 1376 torma
557 1333 627 1376 binare

119 1413 168 1454 Esse
177 1419 247 1466 potest
257 1423 354 1465 unquam
363 1426 368 1450 :
377 1422 504 1464 semperque
514 1408 618 1450 hodierne
627 1420 743 1465 sequente,

119 1485 139 1528 Si
149 1485 234 1531 crescit,
245 1484 318 1525 minor
326 1493 368 1532 est;
380 1484 458 1537 major,
467 1483 485 1524 si
495 1481 603 1525 contrahit
612 1484 698 1526 orbem.

148 1576 160 1597 «
166 1556 235 1615 Quid?
243 1570 287 1599 non
297 1556 318 1599 in
328 1556 407 1612 speeies
416 1556 528 1597 succedere
537 1566 633 1610 quatuor
641 1571 729 1601 annum

120 1631 226 1687 Adspicis.
235 1641 305 1673 etatis
312 1639 449 1693 peragentem
459 1629 582 1671 imitamine
591 1637 687 1673 nostrae?

119 1708 177 1748 Nam
188 1717 253 1753 tener,
262 1715 284 1746 et
293 1704 383 1751 lactens.
393 1702 498 1782 pueripue
506 1701 631 1744 simillimus
640 1717 687 1746 aevo

120 1781 176 1821 Vere
185 1792 241 1820 novo
250 1787 287 1819 cst
298 1780 358 1819 Tunc
367 1777 433 1817 herba
444 1786 525 1825 nitens,
534 1784 557 1817 ct
566 1777 650 1819 roboris
659 1791 736 1835 expers

121 1855 212 1908 Turget,
222 1849 342 1893 etinsolida
352 1858 394 1898 est,
405 1859 427 1891 et
435 1862 472 1903 spe
481 1848 572 1890 delectet
581 1858 697 1903 agrestem.

121 1926 200 1970 Omnia
209 1936 257 1967 tum
268 1925 355 1973 tiorent;
366 1923 489 1978 {lorumque
498 1922 606 1965 coloribus
615 1922 690 1966 elmm

119 2000 181 2042 liidet
189 2012 251 2053 egen
260 2011 329 2052 neque
338 1997 409 2038 adhuc
420 1997 486 2038 virtus
495 1996 518 2038 in
527 1995 642 2037 frondibus
651 1996 698 2040 ulie
706 2008 745 2042 ert

121 2069 207 2112 Transit
215 2071 238 2110 in
249 2072 347 2110 AEstetem
357 2077 405 2123 post
415 2070 464 2118 Ver,
474 2068 679 2120 robustiorum,

120 2143 195 2197 Fitque
204 2142 275 2183 valens
281 2140 380 2195 juvenis:
390 2155 460 2195 neque
469 2142 528 2184 enirn
538 2140 648 2183 robustior
657 2152 710 2185 retes

121 2214 179 2265 Ulla,
188 2228 228 2257 nec
237 2215 330 2266 uberior,
340 2226 391 2266 nec,
399 2229 449 2270 que
457 2216 525 2272 magis
534 2214 677 2268 aestuemus
686 2227 727 2261 est.
