1667 2584
120 203 144 234 12
270 180 596 231 METAMORPHOSEON
668 205 687 232 v.
703 194 754 235 128.
820 198 822 203 ’

116 279 190 319 Fessus
199 275 222 317 in
230 274 322 317 herbosa
329 274 449 330 posuitsua
458 264 548 332 corpora
558 286 614 319 terra

115 352 204 399 Cervus,
214 359 236 392 et
245 350 334 392 arborea
342 350 436 392 ducebat
443 349 512 407 frigus
519 351 548 394 ab
557 351 643 394 umbra.

115 426 177 467 Hunc
187 437 241 481 puer
247 424 374 480 imprudens
379 423 454 480 jaculo
463 425 585 481 Cyparissus
594 435 659 469 acuto

116 496 181 547 Fixit,
192 506 224 547 et,
233 505 258 539 ut
267 510 321 539 savo
330 497 460 539 morientem
468 497 556 541 vulnere
564 497 629 549 vidit,

116 569 176 613 Velle
184 570 240 612 mori
250 570 330 613 statuit.
340 572 392 627 Quas
401 584 445 613 non
454 570 529 613 solatia
539 571 629 615 Plroebus

114 644 181 687 Dixitl
190 654 212 687 et
220 655 245 688 ut
253 643 332 694 leviter,
342 658 382 700 pro
391 645 523 701 materiaque
531 645 623 695 doleret,

115 719 239 763 Admonuit.
249 718 320 761 Gemit
327 717 362 760 ille
372 727 456 769 tamen,
465 733 589 775 munusque
597 733 729 776 supremum

115 792 159 835 lloc
169 792 243 848 petita
252 792 348 849 Superis,
357 802 382 835 ut
391 801 487 848 tempore
496 792 568 848 lugeat
576 794 644 836 omni.

113 871 216 923 Jamque,
225 880 264 923 per
271 867 388 910 immensos
397 877 469 923 egesto
477 869 580 923 sangnine
589 869 664 922 lletus,

114 943 139 984 ln
147 941 236 983 viridem
243 939 296 982 verti
305 949 415 995 coeperuut
423 940 523 982 membra
529 940 635 992 colorem

114 1016 140 1056 Et
149 1014 226 1064 modo,
235 1012 273 1068 qui
282 1012 343 1055 nivea
352 1012 475 1068 pendebant
484 1011 554 1055 fronte
563 1014 646 1069 capilli,

113 1086 203 1129 Horrida
212 1084 306 1128 cesaries
314 1084 372 1136 lieri,
381 1094 496 1140 euentuque
505 1085 575 1141 rigore

114 1159 224 1201 sidereum
234 1156 307 1214 gracili
316 1166 410 1213 spectare
420 1156 533 1199 cacumine
542 1156 629 1200 coelum.

113 1230 232 1288 Ingemuit,
241 1230 348 1286 tristisque
357 1231 424 1279 Deus,
434 1246 445 1268 a
454 1230 561 1285 lugebere
570 1231 644 1282 nobis,

114 1305 246 1362 Lugebisquc
255 1305 319 1357 alios,
328 1304 439 1361 aderisque
448 1303 580 1357 dolentibus,
590 1305 688 1360 inquit.»

141 1453 177 1496 lV.
186 1455 244 1496 Τιιι
251 1465 329 1494 nemus
335 1461 393 1494 vates
402 1460 549 1494 contraxerat:
558 1452 625 1507 inque
634 1452 732 1497 ferarum

111 1526 207 1571 Concilio
216 1525 310 1576 medius,
320 1526 385 1567 turba
393 1523 549 1580 volucrumque
558 1527 652 1570 sedehat.

110 1603 139 1645 Ut
147 1600 198 1644 satis
206 1598 311 1656 impulsas
319 1597 409 1642 tenurit
417 1597 493 1653 pollice
502 1598 604 1653 chordas;

110 1678 136 1720 Et
144 1675 210 1719 sensit
218 1673 287 1718 varios
293 1706 299 1726 ‚
306 1672 406 1730 quamvis
414 1672 496 1715 diversa
505 1684 618 1725 sonarent,

108 1750 244 1794 concordare
253 1749 340 1799 modos3
349 1747 391 1791 lioc
400 1761 476 1790 vocem
484 1747 580 1790 carmine
589 1747 660 1803 rupit:

113 1841 124 1863 a
131 1823 162 1866 lb
170 1825 233 1873 Jove,
242 1823 303 1864 liuta
312 1835 389 1877 parens
399 1821 492 1877 (cedunt
500 1821 557 1863 Jovis
565 1821 640 1863 omnia
650 1835 717 1877 reguo
723 1824 745 1881 l,

109 1896 211 1941 Carmina
219 1903 293 1937 nostra
302 1907 371 1937 more.
380 1895 438 1936 lovis
447 1905 479 1937 est
487 1894 542 1935 mihi
550 1908 605 1950 sape
614 1905 708 1950 potestas

109 1971 170 2015 Dicta
178 1969 245 2027 prius.
254 1967 325 2012 Cecini
334 1968 415 2025 plectro
425 1970 521 2024 graviore
529 1969 641 2024 Gigantas,

109 2044 227 2102 Sparsaque
235 2041 346 2098 elrlegraeis
355 2042 449 2085 victricia
458 2042 551 2085 fulmina
560 2044 649 2099 campis.

109 2121 172 2162 Nunc
182 2131 236 2174 opus
244 2127 276 2160 est
284 2115 362 2159 leviore
371 2115 429 2174 lyra:
439 2131 560 2173 puerosque
569 2132 674 2162 canamus

109 2191 199 2237 Dilectos
207 2189 304 2247 Superis;
313 2188 484 2246 inconcessisque
492 2189 573 2247 puellas
