1667 2584
73 157 151 193 ntor.
226 176 228 183 .
300 145 477 188 LIBERXII.
680 146 707 202 73

74 236 99 277 Et
106 247 127 277 se
136 233 269 288 prebentem
276 231 348 275 valuit
356 232 487 290 destringere
495 235 599 291 Cycnum

74 308 134 350 llaud
142 320 204 349 secus
214 305 304 358 exarsit,
314 320 381 362 quem
389 306 451 349 circo
461 317 535 351 taurus
544 320 629 366 aperto,

75 383 147 440 Quum
155 394 196 422 sua
206 379 297 422 terribili
306 380 360 436 petit
368 381 490 424 irritamina
499 396 579 434 cornu,

15 460 16 511 ᾖ
75 455 178 498 Poenieeas
188 462 267 504 vestes,
276 453 378 508 elusaque
386 454 476 497 vulnera
484 457 555 499 sentit.

15 544 16 555 ¹
76 529 134 570 Num
143 536 218 569 tamen
227 525 330 569 exciderit
339 525 434 578 ferrum,
443 529 574 578 considerat.
584 530 656 574 hasta.

75 602 171 644 llerebnt
180 600 239 656 ligno
248 613 253 639 :
264 616 276 638 «ι
283 601 359 643 Munus
368 609 400 643 est
409 613 458 643 mea
468 602 543 643 debilis
552 615 613 657 eryo3

75 675 186 729 Quasque,
196 672 239 722 ait,
249 680 300 713 ante
308 671 386 714 habuit
395 671 460 723 vires,
470 673 551 716 effudit
559 674 583 715 in
593 689 643 717 uuo.

75 749 131 790 llam
140 756 199 789 certe
208 746 287 796 valuit,
297 745 330 788 vel
339 760 409 802 quum
418 747 519 803 Lyrnesia
528 748 612 804 primus

75 820 153 864 Moenia
161 819 248 875 disjeci;
258 819 290 862 vel
299 833 369 874 quum
378 822 534 877 Tenedonque,
543 817 625 878 suoque

75 894 185 937 Eetioneas
194 892 282 948 implevi
292 892 396 949 sauguine
405 894 500 945 Thebas;

15 966 17 971 ’
74 967 112 1009 Vel
122 979 194 1021 quum
204 977 327 1020 purpureus
336 964 435 1019 populari
445 967 501 1007 cede
510 968 591 1023 Caycus

74 1041 156 1090 Fluxit,
165 1052 264 1095 opusque
273 1051 327 1080 mee
336 1038 370 1080 bis
379 1039 446 1081 sensit
453 1039 559 1095 Telephus
568 1041 639 1084 haste.

75 1114 112 1157 llic
119 1126 211 1169 quoque
221 1120 253 1153 tot
262 1111 333 1161 cesis,
342 1125 437 1166 quorum
447 1125 485 1167 per
495 1112 545 1154 litus
555 1126 641 1156 acervos

74 1189 99 1230 lit
108 1185 163 1237 feci,
172 1194 195 1227 et
203 1185 278 1235 video,
287 1183 356 1226 valuit
364 1197 412 1226 mea
422 1185 508 1235 dextra,
518 1185 623 1241 valetque.
630 1204 641 1225 n

74 1262 145 1304 uixit:
155 1270 190 1310 et,
198 1269 248 1301 aute
258 1258 312 1301 actis
320 1257 387 1300 veluti
397 1259 453 1301 male
462 1260 569 1310 crederet,
579 1260 663 1304 hastam

74 1336 133 1379 Misit
142 1335 166 1378 in
175 1336 291 1376 adversum
301 1333 364 1390 Lycia
373 1334 400 1375 de
409 1333 471 1389 plebe
481 1336 598 1385 Menoeten,

73 1410 218 1464 loricamque
227 1406 306 1458 simul,
315 1407 455 1464 subjectaque
464 1419 552 1465 pectora
561 1410 626 1466 rupit.

74 1486 124 1541 Quo
134 1483 250 1539 plangente
259 1494 346 1536 gravem
356 1481 488 1524 moribundo
498 1482 576 1525 vertice
585 1493 677 1536 terram,

73 1557 173 1600 Extrahit
182 1555 237 1598 illud
245 1555 304 1598 idem
313 1553 383 1596 calido
392 1555 418 1596 de
427 1556 605 1608 vernet-eretum,

74 1630 192 1687 ltqueait:
199 1628 496 1683 «Heemnnusest,lraec,qua
500 1630 566 1670 modo
572 1629 743 1683 vicimus‚hasta.

75 1706 129 1748 Utar
136 1705 161 1745 in
170 1702 231 1745 hune
239 1702 308 1743 isdem
318 1716 323 1740 ε
333 1701 361 1743 sit
369 1701 393 1745 in
401 1701 443 1743 hoc
452 1715 527 1756 precor
535 1701 604 1745 exitus
613 1703 678 1748 idem.
685 1722 696 1743 »ι

103 1777 138 1820 Sic
148 1777 218 1827 fatue,
228 1777 369 1832 Cycnumque
378 1775 442 1830 petit,
453 1789 492 1817 nec
502 1774 598 1817 fraxinus
607 1787 675 1828 errat,

74 1853 144 1906 Inque
154 1850 249 1891 humero
258 1847 333 1890 sonuit
341 1860 386 1889 non
395 1847 473 1890 evitata
483 1847 575 1890 sinistro.

75 1927 141 1974 lude,
151 1922 211 1966 velut
220 1934 296 1971 muro,
305 1919 399 1963 solidave
409 1935 422 1963 a
431 1929 505 1972 caute,
515 1921 599 1977 repulsa
609 1932 648 1963 est.

76 1999 127 2054 Qua
137 2007 212 2040 tamen
221 1996 278 2038 ictus
287 2002 344 2042 erat.
353 1994 464 2047 signatum
473 1993 577 2048 sanguine
586 1995 683 2047 Cycnum

15 2066 17 2095 ³
79 2070 183 2121 Viderat,
192 2078 214 2111 et
224 2066 306 2110 trustra
314 2064 388 2107 fuerat
396 2065 493 2120 gavisus,
501 2061 599 2105 Achilles.

79 2142 169 2186 Vulnus
178 2151 225 2185 erat
233 2138 334 2182 nullum:
344 2136 433 2194 sanquis
442 2136 484 2179 luit
492 2135 528 2176 ille
537 2135 639 2175 Menoetae.

168 2226 204 2257 tt.
626 2204 640 2241 ⁶
