1667 2584
12 18 25 295 ί

77 228 93 257 v.
105 218 153 259 315.
307 214 407 255 tlttttt
425 213 485 255 xil.
686 212 710 252 tr

76 305 120 359 Qua
129 303 188 346 naris
198 301 267 345 fronti
277 301 433 352 committitur,
443 296 531 356 accipis,
542 300 597 344 ima.

77 377 100 418 ln
109 386 169 419 tanto
179 374 272 417 fremitu
283 373 353 416 ductis
362 374 407 415 sine
416 373 460 415 linc
466 373 552 429 jacebat

76 449 159 505 Sopitus
169 448 236 499 vinis,
246 456 268 490 et
277 448 436 503 inexperrectus
444 447 549 503 Aphidas:
592 450 599 461 '

76 523 238 579 languentique
246 535 315 563 manu
325 521 433 563 carchesia
443 522 509 563 mixta
519 522 615 571 tenebat,

76 598 142 638 Fusus
151 596 174 638 in
184 597 259 638 Ossaeae
268 593 348 637 villosis
356 594 448 650 pellibus
458 608 518 637 ursae.

76 669 143 724 Quem
153 666 231 723 procul
242 676 266 709 ut
275 666 329 708 vidit
337 665 416 708 trustra
425 666 486 708 nullu
495 680 557 708 arma
565 673 700 715 moventem,

76 742 150 784 Inserit
159 750 249 783 amento
259 740 349 795 digitos,
358 757 370 779 a
376 739 537 796 Miscendaque,
547 739 612 790 dixit,

75 817 129 859 Cum
138 817 202 873 Styge
210 815 261 857 vina
269 815 343 865 bibas,
352 816 471 858 Phorbas.»
482 817 525 857 Nec
535 814 597 870 plura
607 823 703 857 moratus

74 891 97 932 lu
103 890 211 946 juvenem
221 889 282 933 torsit
287 888 389 945 jaculum
398 905 403 930 :
412 889 534 945 ferrataque
543 888 598 931 collo

74 962 189 1010 Fraxinus,
199 971 224 1004 ut
233 975 284 1004 casu
290 960 362 1017 jacuit
371 961 495 1018 resupinus,
506 963 582 1005 adacta
591 971 629 1004 est.

75 1038 132 1078 blois
141 1034 212 1077 caruit
221 1048 298 1077 sensu:
309 1034 415 1090 plenoque
425 1049 437 1076 e
446 1045 533 1091 gutture
543 1034 606 1079 lluxit

75 1107 142 1163 luque
151 1117 222 1156 toros,
231 1106 298 1162 inque
307 1106 353 1162 ipsa
362 1106 423 1162 niger
432 1107 539 1149 carchesia
548 1106 641 1163 sanguis.

76 1178 124 1221 Vidi
134 1192 174 1234 ego
184 1180 300 1228 Petraeum,
310 1187 426 1220 conantem
436 1177 524 1220 evellere
534 1187 590 1220 terra

76 1251 222 1296 Glandiierant
231 1263 351 1307 quercum:
361 1264 428 1305 qunm
438 1253 492 1294 dum
501 1250 649 1307 complexibus
659 1251 741 1303 ambit,

75 1327 100 1368 Et
108 1326 180 1382 quatit
189 1326 231 1368 huc
240 1324 304 1375 illuc,
314 1323 462 1380 labefactaque
472 1326 549 1366 robora
559 1323 636 1379 jactat,

75 1399 156 1441 Lancea
165 1398 265 1448 Pirithoi,
275 1396 340 1439 costis
350 1396 446 1447 immissa
455 1399 539 1449 Petraei,

75 1474 161 1515 Pectora
170 1485 222 1514 eum
232 1472 288 1513 (luto
297 1470 403 1512 luctantia
411 1472 488 1514 robore
499 1471 551 1514 fixit.

75 1544 163 1588 Pirithoi
173 1544 253 1587 virtute
262 1546 343 1600 Lycum
353 1543 452 1586 cecidisse
461 1544 569 1595 ferebant,

75 1618 164 1662 Pirithoi
173 1617 273 1660 cecidisse
281 1616 386 1659 Chromin
395 1633 399 1657 :
409 1619 446 1658 sed
455 1627 545 1672 uterque
555 1618 663 1661 minorem

74 1672 156 1735 victoii
167 1689 266 1737 titulum,
275 1702 342 1744 quam
352 1688 423 1745 Dictys
432 1689 561 1745 Helopsque,
571 1690 684 1733 dederunt.

13 1780 14 1787 ¹
75 1764 137 1807 lhxus
146 1763 224 1819 llelops
229 1761 316 1818 jaculo,
326 1762 384 1817 quod
393 1762 466 1817 pervia
475 1771 573 1818 tempora
581 1763 642 1815 fecit,
706 1778 709 1781 ·

74 1838 99 1879 lit
108 1837 202 1879 missurn
212 1850 225 1878 a
234 1836 308 1877 dextra
318 1834 392 1877 lteram
402 1834 522 1889 penetrarit
529 1835 552 1877 iu
561 1850 645 1887 aurem.

74 1910 157 1968 Dictys,
166 1910 194 1952 ab
204 1908 292 1965 ancipiti
301 1907 400 1963 delapsus
409 1907 510 1950 acumine
520 1910 611 1960 montis,

74 1984 130 2026 Dum
141 1982 199 2038 fugit
206 1981 324 2024 instantem
333 1980 441 2036 trepidans
450 1981 522 2023 ixione
530 1991 620 2029 natum,

73 2057 157 2101 Decidit
166 2056 189 2098 in
199 2069 303 2112 praeceps,
312 2062 335 2096 et
343 2054 438 2109 pondere
448 2054 544 2108 corporis
554 2060 634 2094 ornum

75 2133 188 2187 Ingentem
196 2129 270 2184 fregit,
279 2139 363 2181 suaque
373 2125 444 2168 induit
452 2126 488 2166 ilia
499 2124 578 2165 fracte.

77 2202 138 2245 Ultor
146 2202 208 2245 adest
216 2200 341 2256 Aphareus:
351 2209 470 2251 saxumque
477 2208 490 2236 e
498 2201 573 2235 monte
582 2190 691 2234 revulsum
