1667 2584
123 171 163 209 252
259 200 262 206 .
343 167 524 222 *Tulsrwtt
681 168 763 210 mos.

819 147 820 242 i

151 255 356 311 Conveniat‚quare
364 256 461 313 porticus
470 251 516 298 ulia
525 260 599 312 putet?
818 247 820 346 ἱ

122 329 175 382 Quis
183 328 243 371 locus
252 338 284 372 est
294 328 379 386 templis
388 328 513 385 augustior!
521 328 567 371 hec
575 341 666 385 quoque
675 330 741 383 vitet,

151 405 176 445 ln
186 403 273 460 eulpam
282 404 300 446 si
309 413 393 459 quaest
402 403 513 459 ingeniosa
522 417 593 445 suam.
818 353 820 484 i

123 477 197 533 Quum
206 477 288 520 steterit
296 477 353 518 loris
362 476 485 528 aede,Joris
494 486 606 519 succurret
615 476 640 519 iu
649 478 707 530 aede,
819 493 820 530 t

151 552 222 609 Quam
232 550 312 594 multas
321 561 401 594 matres
410 550 485 594 fecerit
494 550 529 593 iiie
542 551 603 593 deus.

122 625 220 667 Proxima
230 626 328 669 adoranti
336 626 432 668 Juuonia
442 624 522 681 templa
532 624 629 687 subibit,

152 698 264 741 Pellicibus
273 699 348 752 multis
357 700 413 742 hanc
424 698 517 742 doluisse
524 699 596 741 deam.

122 770 206 814 Pallade
215 782 340 829 conspecta,
349 782 428 818 natum
437 773 463 814 de
472 771 563 813 crimine
573 771 634 827 virgo

152 845 266 888 Sustulerit
274 860 353 901 quare,
362 855 454 900 qureret,
463 844 639 888 Erichthonium.
685 831 690 838 ⁸

123 917 211 962 Venerit
220 917 242 961 in
252 920 325 975 magni
336 919 455 975 templum,
463 928 501 962 tua
510 932 613 970 munera,
624 922 714 974 Martis;

153 993 198 1035 Stat
207 993 280 1034 Venus
288 990 355 1034 Ultori
361 991 441 1048 juncta
450 992 496 1033 viro
505 1001 555 1035 ante
565 991 630 1035 fores.

122 1065 184 1108 Isidis
193 1065 237 1106 aede
246 1065 334 1117 sedens,
344 1077 384 1107 rur
392 1064 449 1107 hanc
459 1064 570 1116 Saturnia,
579 1077 676 1121 queret,

152 1139 223 1195 Egerit
231 1139 291 1182 Ionio
301 1140 447 1199 Bosporioque
457 1139 520 1182 meri.

122 1216 147 1256 ln
157 1215 239 1256 Venere
248 1213 360 1266 Anchises,
369 1213 392 1256 iti
401 1216 462 1256 Luna
471 1213 567 1258 Latmius
577 1213 655 1268 heros,

152 1288 175 1329 In
185 1288 260 1329 Cerere
269 1287 351 1340 Iasiou,
362 1288 399 1344 qui
410 1286 523 1337 referetur,
533 1286 580 1329 orit.

122 1360 199 1402 Omnia
208 1373 317 1416 perversas
326 1371 417 1417 possunt
427 1373 566 1416 corrumpere
576 1371 661 1405 ruentes
669 1381 675 1405 :

149 1435 211 1477 Stant
219 1443 292 1477 tamen
302 1434 339 1476 illa
347 1434 392 1476 suis
402 1434 476 1477 omniu
487 1443 534 1477 tuta
543 1434 603 1477 loris.

120 1512 147 1554 Ar
155 1509 230 1566 procul
240 1510 267 1553 ub
277 1509 355 1566 scripta
362 1509 412 1552 solis
422 1510 572 1553 meretricibus
580 1512 631 1554 Arte

149 1585 267 1627 Submovet
275 1583 378 1640 ingenuas
387 1583 466 1639 pagina
475 1583 547 1639 prima
555 1597 631 1627 nurus.

120 1660 258 1715 Quaeeunque
267 1656 383 1713 irrumpit,
392 1671 436 1713 quo
445 1670 489 1699 non
499 1656 550 1699 sinit
560 1656 590 1699 ire
599 1659 714 1713 sacerdos,

149 1733 248 1775 Protinus
256 1732 298 1775 hoc
308 1731 367 1775 vetiti
376 1730 473 1774 criminis
482 1740 530 1774 acta
539 1744 575 1773 rea
584 1742 623 1775 est.

120 1809 165 1851 Nec
176 1817 249 1849 tamen
258 1816 290 1849 est
299 1805 383 1848 facinus
392 1804 469 1847 molles
478 1803 574 1847 evolvere
583 1819 672 1849 tersus:

149 1877 217 1921 Multa
226 1877 276 1920 licet
285 1887 348 1920 coste
356 1891 402 1919 non
411 1876 510 1919 facienda
519 1876 598 1932 legant.

120 1954 177 2008 Saepe
187 1949 294 2007 supercilii
303 1951 375 1993 nudes
383 1960 484 1992 matrona
493 1951 572 2000 severi,-

147 2026 172 2066 Et
182 2024 270 2066 Veneris
279 2033 359 2066 stantes
368 2024 395 2065 ad
405 2037 472 2079 genus
481 2037 559 2075 omne,
568 2022 633 2066 videt.

118 2100 213 2152 Corpora
223 2098 318 2140 Vestales
327 2097 384 2140 oculi
394 2098 516 2140 meretricia
526 2109 632 2142 cernunt:

146 2171 191 2212 Neo
202 2171 293 2214 domino
301 2185 368 2227 poenae
378 2185 411 2215 res
421 2186 445 2215 ea
455 2186 521 2216 causa
530 2171 580 2215 tuit.
