1667 2584
86 170 146 225 tq.
326 165 425 207 tinen
442 166 469 206 x.
698 185 711 223 ς,

45 274 47 277 ·
87 254 275 307 luter‚etinceesit
283 267 349 310 passu
357 255 384 296 de
392 254 481 298 vulnere
490 254 559 298 tardo.
596 236 601 249 ¹

86 332 139 374 lianc
147 329 213 372 timul
223 338 245 372 et
253 328 324 384 legent
334 328 469 384 Rhodopeius
478 329 556 385 accipit
564 328 637 381 heros,

87 406 117 447 lle
126 403 195 446 flectat
205 412 262 445 retro
271 416 311 444 sua
320 400 415 452 lumina,
425 403 493 444 donec
502 384 594 446 Avernas

87 478 161 522 Exierit
168 476 245 529 vulles;
255 486 294 518 nut
303 475 363 518 irrita
371 476 430 518 dona
438 475 520 519 futura

30 566 31 571 ¹
87 552 183 608 Carpitur
192 550 287 593 acclivus
295 563 333 606 per
342 559 405 592 muta
413 550 498 593 silentia
506 559 598 601 tumet,

88 626 180 674 Arduus.
190 625 308 673 obscurus,
317 622 407 679 caligine
415 625 495 666 densus
503 637 571 679 opace
580 641 586 666 :

90 700 132 741 Nec
141 696 217 754 procul
226 695 343 739 abfuerant
351 695 434 738 telluris
442 697 539 752 margine
548 711 647 741 suntme.
725 722 728 727 ·

90 776 137 825 llic,
146 787 174 816 ne
183 771 295 822 deficeret,
305 780 415 823 metuens,
424 771 542 826 avidusque
551 770 648 823 videndi,

91 849 157 892 Fleuit
165 861 243 890 amaus
251 845 339 889 oculos:
349 856 371 888 et
379 846 479 902 protinus
487 845 525 888 ille
533 845 615 902 relapsa
621 855 662 891 eet.

30 974 31 979 ¹
91 922 222 978 brachiaque
231 920 356 970 intendens,
364 919 483 974 prendique
492 929 514 962 et
523 920 626 975 prendere
633 931 732 978 captam,

92 996 127 1039 llil
137 994 178 1037 nisi
188 994 287 1047 cedentes
296 991 371 1034 infelix
379 991 455 1047 arripit
463 1006 533 1034 auras.

90 1069 182 1123 Jamque
191 1066 272 1108 iterum
281 1062 376 1105 moriens
385 1076 429 1105 uon
439 1074 470 1106 est
479 1064 505 1105 de
514 1064 606 1121 conjuge
614 1067 735 1123 quidquam

93 1145 174 1202 Queota
182 1154 223 1184 suo
231 1154 236 1179 ι
245 1139 298 1195 quid
308 1138 367 1181 enim
375 1138 417 1180 nisi
426 1152 449 1180 sc
458 1151 583 1195 quereretur
592 1148 701 1185 amatam?

93 1218 270 1272 Supremumque
279 1211 337 1262 vale,
346 1212 405 1267 quod
410 1211 459 1267 jam
469 1213 503 1255 iix
511 1213 600 1257 nuribus
610 1214 645 1257 ille

95 1289 217 1345 Acciperet,
226 1285 292 1329 dixit:
302 1284 441 1340 revolutaque
450 1299 524 1328 rursus
533 1287 609 1330 eodem
619 1298 657 1330 est.

123 1364 175 1405 Non
184 1358 247 1402 aliter
255 1358 340 1413 stupuit
349 1357 435 1413 gemina
440 1348 495 1400 'nece
504 1358 602 1416 conjugio
610 1361 717 1417 Orpheus,

94 1438 167 1496 Quum
178 1432 220 1476 tria
228 1430 266 1489 qui
276 1429 375 1481 timidus,
385 1431 458 1473 medio
467 1442 566 1487 portante
574 1442 672 1487 catenas,

94 1510 154 1554 Colla
164 1506 225 1552 canis
234 1505 300 1548 vidit:
310 1518 376 1560 quem
385 1519 431 1546 non
440 1519 507 1561 pavor
516 1515 566 1548 ante
576 1506 672 1562 reliquit,

95 1586 169 1642 Quam
179 1591 260 1624 natura
268 1578 334 1636 prior,
342 1594 393 1622 saxo
402 1594 440 1636 per
449 1594 527 1636 corpus
536 1581 626 1622 oborto:

95 1657 184 1715 Quique
194 1654 218 1696 in
226 1667 249 1695 se
258 1652 340 1694 crimen
351 1652 424 1704 traxit,
434 1652 544 1708 voluitque
553 1650 619 1693 videri

95 1730 177 1773 Olenos
186 1741 233 1770 esee
242 1738 334 1768 nocens:
345 1735 424 1780 tuque,
433 1727 458 1766 o!
468 1723 549 1766 confisa
558 1723 643 1781 ligur-32,

96 1803 176 1847 Infelix
185 1801 281 1851 tethea,
291 1808 345 1851 tuae3
350 1798 490 1856 junctissima
498 1798 610 1854 quondam

97 1879 200 1928 Pectora;
210 1887 270 1917 nunc
279 1873 369 1929 lapides,
378 1887 435 1928 quos
443 1872 535 1916 humida
543 1875 633 1918 sustinet
642 1875 685 1919 lde.

97 1953 218 2001 Orantem,
228 1947 351 2002 frustraque
360 1946 440 1989 iterum
450 1947 539 1990 transire
548 1948 667 2002 volentem,

97 2026 196 2069 Portitor
205 2030 317 2067 arcuerat:
327 2030 408 2077 septem
418 2032 492 2064 tamen
501 2021 536 2064 ille
545 2022 621 2065 diebus

99 2099 221 2156 Squalidus
229 2097 254 2139 in
264 2095 321 2151 ripe,
330 2095 411 2138 Cereris
420 2095 465 2137 sine
475 2109 576 2146 munere,
584 2095 646 2138 sedit.

92 2175 161 2218 <ura
169 2171 277 2227 dolorque
287 2168 517 2225 enimi,lacrym1eque
527 2167 627 2211 alimenta
638 2168 706 2212 lucra.

208 2260 215 2288 1
223 2257 243 2287 v.
500 2264 502 2269 ⁴
662 2256 673 2282 a
