1667 2584
12 224 13 229 ,
72 181 158 235 ulmi.
308 182 408 224 trualt
425 184 485 226 xlt.
686 188 711 228 85

70 272 175 313 Protinus
183 270 304 328 Hylonome
314 273 430 316 morientes
439 274 517 331 exeipit
525 284 596 325 artus,

72 346 222 402 Impositaque
231 360 301 389 manu
310 346 389 390 vulnus
398 348 469 400 fovet,
478 363 557 406 oraque
566 351 594 394 ad
604 365 642 393 ora

72 419 191 470 Admovet,
201 429 266 475 etque
275 420 353 463 anima
363 420 455 476 fugienti
464 422 565 468 obsistere
575 435 649 468 tentat.

73 491 101 533 Ut
110 490 169 534 videt
178 492 322 542 exstinctum,
332 492 405 545 dietis,
415 508 463 549 qute
472 494 555 538 elamor
564 498 591 539 ad
600 510 663 540 autes

72 564 148 607 Arcuit
158 564 191 607 ire
200 579 272 616 meas,
284 565 337 617 telo,
346 568 527 623 quodinhaeserat
535 570 577 620 illi,

72 640 188 690 Incubuit3
199 640 337 695 moriensque
346 654 412 684 suum
421 643 533 699 complexu
541 644 646 688 maritum
656 653 693 687 est.

72 714 127 756 tute
136 712 213 757 oculor
222 723 265 756 stat
273 722 295 755 et
304 713 339 755 iiie
349 728 420 766 meos,
430 717 468 771 qui
476 730 527 759 sena
536 716 625 759 leonum

73 786 179 832 Vinxerat
189 787 246 831 iuter
255 802 277 830 se
286 789 387 832 connexis
396 790 474 833 vellem
483 791 556 840 nodis,

71 860 222 913 Phnocomes,
231 861 388 917 hominemque
396 863 463 906 simul
472 877 511 919 pro
547 873 581 906 tus
590 877 714 920 equumque
723 881 728 906 ε

73 934 151 976 Codice
160 934 200 990 qui
210 934 287 983 misso.
297 949 363 990 quem
373 935 468 992 vixjuqa
477 937 529 979 hina
539 948 651 981 moverent

73 1008 164 1058 Iuncta,
173 1008 334 1050 Phonoieniden
344 1023 357 1052 a
366 1023 456 1052 summo
465 1012 543 1053 vertice
553 1011 623 1067 fregit.

72 1083 147 1125 tracta
157 1081 282 1125 volubilitas
291 1084 367 1139 capitis
376 1083 491 1139 latissima;
501 1099 582 1142 perque
591 1100 627 1137 os,

74 1156 154 1211 Perque
164 1169 227 1197 cevas
236 1169 310 1205 nares,
320 1156 449 1211 oculosque,
459 1172 563 1214 auresque
573 1161 686 1203 cerebrum

75 1227 136 1270 hioiie
146 1227 208 1278 fluit,
218 1227 285 1271 veluti
295 1239 422 1271 concretum
433 1230 514 1272 vimine
523 1245 606 1286 querno

74 1300 113 1342 tac
122 1299 187 1349 solen
199 1311 249 1343 utve
258 1300 331 1355 liquor
340 1301 383 1344 rari
391 1303 433 1343 sub
443 1304 537 1359 pondere
547 1304 612 1347 cribri

75 1374 157 1423 Manat,
168 1382 189 1416 et
198 1373 328 1429 exprimitur
337 1387 374 1430 per
384 1375 450 1417 densa
459 1375 568 1419 foramina
577 1377 664 1434 spissus.

101 1450 156 1489 «Ast
164 1460 215 1502 equ,
225 1447 280 1488 dum
290 1455 352 1501 parat
360 1447 419 1491 huno
428 1449 495 1491 armis
505 1450 587 1493 nudare
593 1451 703 1508 jacentem

76 1517 130 1573 (Scit
140 1529 191 1562 tuus
201 1519 243 1561 hoc
253 1518 362 1575 genitor),
372 1520 469 1575 gladium
479 1522 590 1578 spoliantis
599 1524 622 1566 in
631 1524 675 1567 ima

74 1588 109 1633 iiia
116 1590 201 1635 demisi.
211 1591 332 1635 Chthonius
341 1607 429 1648 quoque
438 1594 583 1653 Teleboasque

75 1665 125 1707 lime
130 1664 207 1721 jacent
217 1673 304 1706 nostro:
316 1679 403 1708 tamum
413 1667 472 1722 prior
481 1668 517 1711 ille
526 1670 638 1715 bifurcum

74 1739 177 1788 Cesserat,
187 1737 223 1780 hic
229 1736 341 1793 jaculum5
348 1738 424 1796 jaculo
434 1740 487 1782 mihi
498 1741 586 1786 vulnero
595 1745 653 1789 fecit.

74 1812 135 1869 Siqua
145 1812 217 1854 vides:
227 1821 317 1868 apparet
326 1812 397 1854 adhuc
407 1823 479 1862 vetus,
489 1829 547 1866 ecce,
557 1817 651 1862 cicatrix.

59 1908 63 1921 ι
74 1886 131 1929 Tune
140 1899 180 1941 epo
193 1885 312 1926 debueram
321 1886 426 1941 capienda
435 1889 463 1929 nd
472 1892 573 1945 Pergama
584 1893 652 1936 mitti:

74 1961 129 2003 Tune
139 1970 240 2015 poteram
251 1959 335 2016 magui,
345 1960 362 2001 si
372 1975 417 2003 non
426 1977 526 2019 superate
532 1987 540 2015 ,⁴
548 1967 628 2008 morari

13 2060 14 2077 r
74 2036 165 2080 hectoris
174 2049 239 2079 arma
248 2035 308 2079 meis.
317 2035 357 2077 llio
366 2038 403 2078 sed
414 2026 511 2094 te'mpore
520 2039 605 2090 nullus,

14 2130 15 2175 4
74 2109 181 2166 Amphor,
192 2110 271 2152 flector
280 2118 326 2151 erut
333 2122 407 2159 :nune
417 2124 453 2153 mo
462 2125 512 2153 meo
521 2111 594 2160 deficit
603 2121 659 2156 etas.

75 2183 126 2238 Quid
136 2183 176 2227 tihi
186 2182 291 2227 victorem
301 2182 382 2238 gemini
391 2183 520 2238 Periphanta
527 2183 608 2238 Pyreti‚
