1667 2584
31 268 34 275 .
93 222 151 279 s'
243 237 574 281 usrsuorcuosuou
660 248 730 277 en.

90 327 160 369 Tema
170 327 269 371 Medusaei
279 328 381 371 vincirem
391 336 479 383 guttura
488 325 586 370 monstri.

90 402 160 444 Causa
168 403 207 446 viae
216 404 308 460 conjux:
318 402 340 445 in
350 416 417 460 quam
427 401 508 445 calcata
516 415 625 445 venenum

40 466 52 481 ⁴
69 488 75 497 ⁴
90 472 170 529 Vipera
179 474 279 527 diffudit,
288 485 449 531 crescentesque
457 474 548 518 abstulit
556 462 631 517 nunes.

90 547 152 590 Posse
161 548 206 604 peti
215 549 285 601 volui3
294 563 334 595 nec
344 563 379 591 me
388 558 480 591 tentasse
489 548 580 604 negabo.

91 619 148 662 Vicit
153 621 229 671 Amor.
238 623 319 677 Supera
328 624 383 664 Deus
393 621 428 663 hic
438 622 491 663 bene
500 631 565 664 notus
574 621 596 662 in
607 633 644 662 ora
653 627 697 660 est:

59 712 76 733 ⁴.
89 693 243 746 sustentus,
253 695 341 747 dubim
350 696 387 738 sed
396 706 417 738 et
425 696 460 737 hIc
471 706 543 738 tamen
553 704 648 751 ausstrroe
656 706 709 735 esse.

88 766 197 822 Famaque
206 767 224 808 si
234 777 326 810 veterem
336 781 381 811 non
390 777 423 811 est
432 767 522 811 mentita
531 768 642 824 rapinam,

88 840 133 883 Vos
140 856 227 898 quoque
230 842 305 899 junxit
311 846 384 886 dmor.
391 847 430 886 Per
437 859 477 900 eqo
484 845 529 886 bec
536 844 582 887 ioca
590 840 767 900 plemundus,

87 915 127 956 Per
135 913 205 957 Chaos
213 915 254 957 hoc
264 915 349 972 ingens,
359 915 455 971 vastique
464 915 548 958 silentia
558 916 628 972 regni,

86 987 214 1044 Eurydices,
221 1002 271 1040 oro,
280 999 395 1046 properata
404 990 491 1032 retexite
501 989 553 1032 fam.

88 1062 166 1104 Omnia
175 1063 281 1106 debentur
290 1064 350 1106 vobis
360 1081 365 1106 ε
375 1064 509 1120 paulumque
519 1063 610 1115 morati,

87 1133 159 1177 Serius
169 1144 208 1178 aut
216 1135 279 1179 citius
288 1138 360 1179 sedem
370 1151 512 1194 properamus
521 1138 549 1179 ed
558 1149 633 1179 unam.

86 1208 206 1251 Tendimus
214 1209 258 1252 huc
268 1223 354 1262 nmnes;
365 1211 409 1253 hec
418 1221 451 1253 est
459 1212 538 1253 domus
548 1210 638 1254 ultime:
648 1223 732 1265 vosque

85 1281 181 1324 Humani
190 1282 273 1338 generis
281 1283 406 1340 longissima
415 1297 481 1339 regna
490 1284 572 1327 tenetis.

86 1358 134 1399 linc
143 1370 243 1414 qunque.
253 1371 324 1414 quum
329 1358 401 1415 justos
411 1368 498 1422 matura
506 1358 611 1416 peregerit
620 1371 700 1411 anuos,

86 1431 144 1473 turis
153 1430 195 1474 erit
204 1431 268 1474 vestri
277 1447 281 1470 τ
291 1447 331 1489 pro
341 1447 432 1476 munere
441 1433 550 1489 poscimus
559 1447 631 1476 usum.

85 1503 149 1562 Quod
158 1504 176 1546 si
185 1503 230 1548 fatu
239 1516 319 1562 negent
328 1507 413 1549 veniam
423 1520 463 1563 pro
472 1505 577 1562 conjuge,
586 1514 670 1550 eertum
679 1504 712 1548 est

84 1576 148 1620 Nolle
156 1578 225 1620 redire
235 1578 300 1621 mihi:
311 1578 354 1622 leto
363 1580 454 1636 gaudete
463 1580 566 1622 duorum.
573 1595 585 1617 u

113 1651 172 1694 Talia
181 1652 300 1705 dicentem,
309 1667 428 1710 nervosque
437 1655 465 1696 ad
474 1653 538 1695 verba
548 1662 683 1704 moventem,

83 1727 205 1783 Exsangues
215 1725 297 1771 flebant
305 1727 391 1772 enimse.
401 1730 446 1771 Nec
455 1727 558 1777 Tantalus
568 1727 651 1772 undum

81 1800 180 1856 captavit
188 1799 299 1857 refugam:
310 1802 437 1859 stupuitque
446 1801 525 1844 Ixionis
534 1800 600 1843 orbis.

82 1876 128 1919 Nec
137 1888 234 1931 carpsere
240 1874 305 1930 jecur
313 1876 422 1929 volucres;
432 1877 535 1932 urnisque
544 1883 649 1918 vacarunt

83 1945 176 1989 Belides:
186 1946 252 2009 inque
261 1955 300 1990 tuo
309 1948 393 1998 sedisti,
403 1948 502 2005 Sisyphe,
512 1961 569 1991 sexo.

82 2020 140 2062 Tum
150 2018 247 2074 primum
256 2019 356 2078 lacrymis
366 2020 474 2064 victarum
482 2021 578 2064 carmine
588 2019 649 2062 inme
658 2029 691 2064 est

81 2091 228 2135 Eumenidum
238 2093 346 2137 maduisse
354 2107 433 2151 genes:
443 2107 483 2137 nec
492 2094 549 2151 regia
559 2092 640 2149 conjux

82 2163 177 2207 Sustinet
185 2166 268 2218 oranti,
279 2180 319 2211 nec
328 2167 366 2224 qui
375 2168 431 2224 regit
440 2158 496 2219 ime,
505 2180 598 2224 negare:

82 2235 245 2295 Eurydicenque
253 2249 337 2285 rotant
347 2241 440 2286 Uqurss
449 2239 541 2291 eissille
550 2241 646 2284 recentes
