1667 2584
106 189 147 231 1²6
254 183 585 255 METAMORPHOSQON
657 197 678 227 v.
690 185 742 227 tn.

102 276 181 320 linitas
190 273 243 318 silva
252 275 316 330 tegit:
325 272 399 317 multe
408 272 548 317 stabulantur
556 273 579 315 in
588 272 664 316 antris.

102 351 158 398 Nec,
168 349 185 390 si
195 348 251 391 forte
260 340 332 404 riges,
340 347 421 403 possim
431 328 561 394 tibi'dicere.
572 356 626 403 quot
633 346 687 391 sint.

102 420 204 477 Pauperis
212 430 244 463 est
252 433 367 462 numerare
375 432 448 475 pecus.
458 421 490 460 Do
496 418 598 461 laudibus
606 419 690 462 hurum

102 494 138 538 Nil
150 494 203 535 mihi
213 493 326 536 credideris
334 474 441 548 :presens
451 501 515 548 potes·
520 491 567 548 ipsa
575 492 660 543 videre,

103 570 131 611 Ut
141 568 173 609 vir
183 567 303 610 sustineant
311 565 430 608 distentum
440 564 541 607 cruribus
550 565 611 607 uber.

87 629 94 642 ⁶
102 643 168 692 Sunt,
178 640 249 683 fetura
258 640 342 691 minor,
350 638 428 694 tepidis
436 637 460 679 in
468 637 561 680 ovilibus
570 637 632 693 ugni:

102 716 157 756 Sunt
164 726 262 769 quoque.
272 727 311 768 pat
320 722 381 761 atas,
391 711 438 754 aliis
447 711 470 754 in
479 710 571 754 ovilibus
580 711 644 754 badi.

102 789 144 829 Luc
153 786 207 828 mihi
215 799 300 842 semper
309 786 369 828 adest
376 786 472 828 niveum.
481 787 532 827 Pars
541 785 592 827 inde
601 784 700 828 bibenda

102 861 214 901 Servatur:
225 869 308 915 partem
317 850 434 915 liquefact'a
442 857 533 914 coagula
541 858 631 901 durant.

102 936 147 976 Nec
158 932 196 975 tibi
205 932 285 974 delicia
294 931 378 982 faciles,
388 931 517 988 vulgataque
528 940 615 974 tantum

101 1010 192 1051 Munera
201 992 429 1061 coniingentfdamm
440 1005 575 1062 leporesque,
586 1019 714 1064 caprasque.

101 1084 166 1123 Parve
176 1080 340 1139 columbarum,
350 1078 463 1121 demtusv'e
472 1078 585 1121 cacumine
595 1079 674 1143 nidusr

100 1155 174 1198 Inveni
184 1153 290 1211 geminos,
299 1153 337 1208 qui
348 1162 420 1195 tecum
431 1153 504 1195 ludere
513 1153 608 1208 possint,

100 1230 159 1272 luter
167 1242 189 1270 se
199 1227 287 1269 similes.
300 1227 334 1268 vix
343 1235 368 1269 ut
376 1226 502 1281 dignoscere
510 1225 591 1281 possis,

100 1302 185 1344 Vinosae
194 1300 277 1342 catulos
286 1300 309 1342 in
318 1300 411 1341 summis
420 1298 531 1341 montibus
541 1312 603 1343 ursae.

100 1375 187 1418 Inveni:
197 1382 229 1423 et,
239 1372 347 1423 Domina,
357 1372 412 1423 dixi,
422 1371 556 1414 servabimus
565 1371 626 1415 istos.

99 1451 147 1492 lam
159 1447 224 1489 modo
233 1446 324 1489 caeruleo
333 1446 429 1488 nitidum
438 1454 503 1501 eaput
512 1459 583 1488 exsere
592 1457 674 1502 ponto:

99 1524 160 1571 lam,
169 1520 266 1569 Galatea,
277 1519 336 1567 veni;
347 1533 386 1561 uec
395 1532 487 1561 munera
495 1518 580 1574 despice
589 1530 675 1565 nostra.

98 1598 160 1640 Certe
169 1609 208 1651 ego
218 1608 253 1635 me
263 1593 324 1642 novi,
333 1593 462 1649 liquideque
471 1592 494 1633 in
502 1592 597 1648 imagine
606 1593 651 1636 vidi

100 1672 176 1726 Nuper
184 1683 258 1724 aque:
268 1668 391 1723 placuitque
402 1666 456 1708 mibi
466 1679 515 1709 mea
524 1665 596 1710 forma
604 1668 697 1713 videnti.

98 1744 199 1799 Adspice,
208 1742 250 1784 sim
258 1751 361 1797 quantus.
371 1743 421 1783 Non
429 1749 461 1783 est
469 1740 510 1783 boo
520 1753 609 1797 corpore
619 1742 695 1799 major

98 1818 184 1873 Jupiter
192 1816 214 1856 in
223 1814 290 1857 coelo:
300 1828 352 1857 naun
361 1828 398 1856 vos
407 1827 496 1856 narrare
504 1813 577 1857 soletis

99 1889 176 1933 Nescio
185 1902 250 1943 quern
262 1900 349 1941 regnare
357 1889 440 1930 locem.
449 1889 517 1930 Coma
527 1888 624 1944 plurimu
633 1899 709 1934 torvos

98 1963 209 2005 Prominet
217 1961 241 2003 in
248 1960 498 2018 vultus3'lrurnerosque.
508 1972 533 2004 ut
541 1960 616 2011 lucus.
625 1964 755 2008 obumbrat.

99 2038 144 2077 Noc
154 2035 207 2078 mihi
217 2034 276 2089 quod
285 2033 358 2087 rigidis
366 2034 456 2077 horrent
465 2034 590 2077 densissima
599 2036 651 2078 setis

98 2110 205 2162 Corpora,
214 2118 276 2163 turpe
285 2116 345 2162 putu.
355 2109 433 2163 Turpis
441 2108 487 2151 sine
496 2109 610 2151 frondibus
619 2111 697 2157 arbos:

98 2180 176 2235 Turpis
184 2192 264 2235 quus,
273 2180 315 2223 nisi
323 2179 377 2223 oolla
382 2180 444 2237 juba
453 2181 557 2247 flaventia
563 2181 641 2228 velent.
