1667 2584
62 183 129 237 etp
301 181 400 224 cisun
418 178 462 224 xl.
674 184 702 239 39

62 272 140 315 Naides
149 281 172 315 et
179 273 285 330 Dryades,
295 285 411 329 passosque
421 273 516 316 habuere
525 273 619 331 capillos.

62 348 160 388 Membra
166 347 241 404 jacent
249 347 335 390 diversa
343 346 401 389 locis.
412 349 492 404 Caput,
502 350 582 400 Hebre,
590 350 705 407 lyramque

61 420 153 476 Excipis3
163 430 195 472 et,
206 421 302 462 mirum!
312 421 384 462 medio
393 422 448 483 dum
457 421 539 465 labitur
547 436 623 473 amne,

60 493 138 536 Flebile
147 494 220 535 nescio
230 493 285 549 quid
294 493 393 547 queritur
402 492 459 551 lyra,
469 494 540 537 flebile
549 495 624 551 linqua

60 567 183 609 llurmurat
191 566 312 609 exanimis:
323 568 452 623 respondent
461 567 530 610 llebilc
540 568 597 624 ripa.

87 642 181 695 Jamque
191 654 251 682 mare
261 640 351 682 invectae
360 639 443 682 llumen
453 640 557 696 populare
566 639 704 695 relinquunt,
740 662 742 673 ⁴

14 772 16 777 ι
59 714 83 756 Et
92 714 241 772 Methymnaei
250 712 367 769 potiuntur
375 712 438 757 litore
447 714 515 756 Lesbi.

14 786 15 789 ’
60 789 96 831 llic
105 789 166 831 ierus
175 789 299 844 expositum
308 789 425 844 peregrinis
435 789 511 844 anguis
520 788 590 831 arenis

61 864 86 905 Os
95 865 163 920 petit,
172 872 194 906 et
203 876 288 919 sparsos
297 862 386 906 stillanti
396 876 445 905 rore
454 862 548 918 capillos.

60 939 158 980 Tandem
166 937 259 979 Phoebus
269 937 340 985 adest,
351 949 480 991 morsusque
489 934 568 978 idierre
577 945 691 992 parantem

14 1054 15 1061 ,
60 1013 131 1061 licet,
142 1020 164 1053 et
173 1011 198 1053 iu
206 1011 301 1067 lapidem
312 1010 378 1052 rictus
387 1009 491 1067 serpentis
499 1021 584 1067 apertos

61 1085 173 1142 conficiam
185 1094 207 1127 et
215 1085 313 1141 patulos,
324 1096 349 1126 ιιι
358 1093 430 1135 eraut,
440 1085 528 1126 indurat
536 1084 615 1127 hiatus.

62 1162 143 1202 Umbra
152 1159 212 1203 subit
222 1168 301 1201 terras:
312 1169 343 1210 et,
353 1173 401 1213 quae
410 1159 457 1200 loca
467 1159 549 1201 viderat
558 1168 619 1211 ante,

62 1235 142 1276 Cuncta
154 1232 297 1288 recognosci13
309 1245 448 1287 quaerensque
457 1246 496 1287 per
504 1245 555 1273 arva
564 1232 652 1287 piorum

62 1308 146 1349 invenit
155 1306 286 1363 Eurydicen,
296 1304 423 1360 cupidisque
435 1304 574 1360 amplectitur
584 1304 648 1347 ulnis.

63 1381 98 1422 liic
107 1380 175 1421 modo
185 1379 309 1434 conjunctis
318 1378 439 1433 spatiantur
448 1379 546 1434 passibus
555 1379 635 1421 ambo:

61 1457 123 1498 Nunc
132 1455 290 1511 precedentem
299 1452 404 1508 sequitur,
413 1458 473 1496 nunc
482 1454 573 1509 praevius
582 1454 662 1507 anteit,

62 1531 224 1590 Eurydicenque
233 1543 296 1571 suam
302 1527 352 1584 jam
363 1537 410 1570 tuto
421 1528 506 1585 respicit
515 1529 619 1585 Orpheus.

86 1678 111 1718 ll.
121 1678 172 1719 Non
182 1675 273 1731 impune
283 1684 357 1717 tamen
366 1673 435 1717 scelus
445 1675 487 1716 hoc
496 1675 548 1717 sinit
556 1688 600 1718 esse
609 1677 693 1732 Lyaeu33

60 1749 185 1804 amissoque
194 1748 269 1790 dolens
277 1761 389 1790 sacrorum
399 1758 448 1790 vate
456 1761 560 1799 suorum,

60 1823 157 1864 Protinus
166 1822 190 1862 iu
199 1820 256 1863 silvis
267 1830 347 1862 matres
356 1820 463 1862 Edonidas
472 1833 560 1873 omnes,

14 1874 15 1891 l
60 1897 109 1953 Quae
118 1896 188 1939 fecere
197 1894 269 1943 nefus,
279 1905 337 1937 torta
346 1895 417 1937 radice
427 1894 507 1950 ligavit.

61 1972 142 2031 Quippe
151 1972 232 2027 pedum
242 1970 333 2026 digitos,
343 1969 366 2011 in
375 1980 483 2025 quantum
494 1983 585 2026 quoeque
594 1980 668 2014 secuta
677 1980 721 2024 est,

59 2046 140 2096 Traxit,
150 2045 203 2089 etin
213 2045 307 2088 subdam
316 2044 408 2087 detrusit
416 2045 518 2087 acumine
528 2054 615 2088 terram.

61 2118 127 2174 l'tque
136 2133 202 2164 suum
211 2118 306 2175 laqueis,
316 2131 371 2173 quos
380 2118 470 2161 callidus
480 2118 564 2160 abdidit
572 2133 664 2175 auceps.

60 2192 110 2236 Crus
119 2193 157 2236 ubi
167 2192 278 2236 commisit
288 2190 393 2244 volucris,
402 2192 511 2247 sensitque
522 2191 599 2241 tencri3
