1667 2584
115 174 144 217 90
267 155 595 200 uertnonrnossou
661 126 761 213 ‘tun

113 250 202 291 Sumere
211 259 264 302 quas
273 245 346 295 vellet,
357 258 474 300 rursusque
484 257 585 299 reponere
594 250 679 288 sumtus

112 322 227 375 Neptunus
235 319 335 371 dederat,
345 317 405 359 Nelei
414 317 524 373 sanguinis
533 327 616 360 auctor.

111 391 160 439 llic,
170 391 208 433 ubi
217 391 364 446 nequidquam
373 399 405 432 est
414 388 496 431 formas
506 390 598 432 variatus
607 389 630 431 in
639 403 733 442 omnes,

111 464 210 506 Vertitur
218 465 242 505 in
251 463 328 505 faciem
338 462 442 512 volucris,
452 476 500 517 quie
510 462 604 505 fulmina
613 463 686 505 curvis

110 539 174 580 Ferre
183 536 237 578 solet
245 537 346 591 pedibus.
356 535 434 577 nivem
444 535 564 589 gratissima
573 535 624 590 regi.

67 667 70 670 ⁴
109 611 198 653 Viribus
208 625 259 652 usus
269 610 323 657 avis,
333 609 408 666 pennis
418 619 531 663 rostroque
541 611 648 661 redunco,

108 685 249 739 llamatisquc
259 685 298 727 viri
307 684 424 726 laniaverat
433 684 543 739 unguibus
553 697 597 725 ora.

109 758 187 802 Tendit
196 759 218 800 in
227 758 286 799 huuc
296 757 388 799 nimium
398 766 467 798 certos
476 756 602 812 Tirynthius
612 771 688 810 arcus,

109 835 179 889 Atque
187 834 243 875 inter
252 833 320 874 nubes
329 831 430 872 sublimia
440 832 539 872 membra
550 831 669 884 ferentem,

49 952 57 967 ι
109 907 283 959 Pendcutcmqne
293 903 353 953 ferit,
365 902 427 946 lateri
436 916 479 958 qua
485 903 587 959 jungitur
595 904 636 946 ala.

107 980 154 1021 Nec
163 991 226 1033 grave
236 976 314 1019 vulnus
323 985 381 1018 erat:
391 978 428 1018 sed
438 977 495 1032 rupti
505 975 593 1019 vulnere
602 978 665 1020 nervi

108 1049 226 1099 Deficiunt,
238 1058 367 1102 motumque
376 1057 466 1103 negant.
476 1048 573 1104 viresque
582 1049 678 1092 volandi.

107 1123 190 1166 Decidit
199 1121 220 1163 in
232 1133 322 1172 terram,
332 1135 377 1164 non
386 1121 557 1178 concipientibus
568 1136 634 1165 auras

106 1194 201 1237 lufirmis
211 1194 298 1250 pennis:
309 1204 330 1236 et
338 1208 382 1249 qua
391 1193 442 1236 lens
451 1194 540 1236 haeserat
549 1193 598 1246 ele,

106 1268 206 1324 Corporis
215 1267 279 1310 adfixi
289 1281 360 1324 pressa
369 1276 401 1310 est
410 1267 513 1322 gravitate
522 1269 610 1323 sagitta,

105 1344 186 1397 Perque
196 1342 251 1385 latus
261 1355 373 1384 summum
380 1341 460 1397 jugulo
469 1353 501 1384 est
510 1352 583 1385 exacta
592 1342 688 1387 sinistro.

105 1414 167 1456 Num
176 1412 250 1455 videor
258 1413 334 1455 debere
345 1413 376 1455 tui
386 1414 492 1468 preconia
502 1415 574 1455 rebus

104 1484 212 1535 Herculis,
221 1486 245 1526 o!
255 1484 341 1527 Rhodius
349 1485 427 1526 ductor
435 1484 580 1539 pulcherrime
589 1485 677 1530 classus

104 1560 150 1603 Nec
160 1569 233 1602 tamen
243 1558 344 1608 ulterius,
353 1571 421 1612 quam
430 1557 495 1599 tortia
504 1557 561 1599 facta
570 1557 666 1612 silendo,

104 1632 197 1674 Ulciscar
206 1632 294 1674 fratres:
305 1630 372 1672 solida
382 1640 414 1672 est
423 1630 477 1672 mihi
487 1629 554 1685 gratia
562 1639 643 1674 tecum.
652 1649 665 1670 »ι

132 1708 180 1748 Rrec
189 1714 304 1761 postquam
313 1703 371 1746 dulei
381 1702 468 1744 Neleius
477 1703 543 1744 edidit
552 1717 599 1754 ore;

102 1781 119 1823 Δ
128 1790 227 1820 sermone
236 1776 303 1828 senis,
313 1768 405 1831 repetito
414 1788 504 1817 munere
515 1776 600 1825 Bacchi,

101 1854 215 1898 surrexere
224 1850 289 1893 toris:
299 1863 342 1892 nox
350 1859 382 1892 est
391 1850 441 1892 data
450 1860 519 1892 cetera
529 1863 612 1893 sotnno.

129 1999 174 2039 vll.
184 1999 214 2038 Ar
221 1997 286 2047 Dens,
294 2008 402 2049 aequoreas
409 1997 447 2051 qui
455 1997 541 2051 cuspide
550 2005 657 2051 temperat
665 2000 748 2052 undas,

100 2073 124 2114 ln
134 2069 243 2112 volucrem
253 2082 330 2124 corpus
339 2069 384 2110 nati
393 2070 529 2112 Stheneleida
536 2085 623 2114 versum

100 2144 171 2189 liente
180 2141 237 2184 dolet
246 2141 314 2198 patria
322 2173 327 2194 ‚
336 2154 458 2198 saetuutqne
467 2157 555 2199 perosus
564 2144 671 2190 Achillem
