1667 2584
23 213 24 222 ἵ
82 150 156 203 tlw.
300 154 400 196 LIBER
416 153 486 195 xlv.
674 154 713 194 153

84 238 156 289 Pellor3
165 251 186 284 et
195 242 286 299 antiquo
295 257 403 286 memores
412 245 439 286 de
448 243 536 286 vulnere
544 257 617 300 peenas

83 312 144 367 Exigit
153 314 212 358 alma
220 318 307 358 Venus:
318 327 433 372 tantosque
441 330 480 373 per
487 316 530 359 alta
540 316 623 359 labores

84 387 167 440 Equora
177 390 284 438 sustinui,
296 399 366 432 tantos
376 390 512 433 terrestribus
522 390 599 441 armis,

84 457 107 499 llt
115 460 165 502 mihi
177 461 250 504 felices
259 462 302 503 sint
312 461 343 503 illi
353 476 407 519 saepe
417 463 498 512 vocati,

82 531 134 587 Quos
143 536 270 578 communis
279 535 359 581 hiems„
368 537 549 592 importunusque
558 536 691 592 Caphereus,

83 604 149 649 llersit
157 609 233 662 aquis;
243 608 362 664 vellemque
371 609 452 650 borum
462 623 512 664 pars
521 623 564 651 una
574 608 671 651 fuissem.

83 678 156 723 Ultima
162 680 213 736 jam
223 681 280 738 possi
290 684 380 724 comites
389 681 488 738 belloque
497 683 606 738 fretoque,

83 751 195 806 Deficiunt,
206 756 317 811 finemque
327 767 403 811 rogant
412 757 502 798 erroris:
513 766 535 798 at
544 759 626 797 Acmon

81 823 177 869 fervidus
187 829 286 884 ingenio,
297 837 344 870 tum
354 842 404 870 vero
414 838 436 870 et
444 828 542 871 cladibus
551 841 623 883 asper,

83 898 152 954 «Quid
161 910 273 956 superest,
281 902 340 957 quod
347 901 394 955 jam
405 900 508 956 patientie
518 910 587 942 vestra
595 911 679 943 recuset

83 970 151 1021 Ferre,
160 975 215 1017 viri?
224 975 279 1016 dixit
288 992 292 1015 :
302 976 356 1031 quid
364 975 430 1016 babet
439 974 553 1031 Cytherea,
562 975 621 1029 quod
631 974 688 1017 ultra

83 1044 151 1098 (Velle
160 1047 231 1104 puta)
242 1048 319 1091 iaciat?
327 1062 379 1090 nam
389 1050 444 1090 dum
453 1048 527 1104 pejora
537 1048 652 1099 timentur,

81 1116 113 1160 Est
121 1118 143 1161 in
153 1132 205 1164 rota
215 1121 289 1164 locus:
299 1135 345 1164 sors
353 1132 428 1163 autem
439 1121 476 1162 ubi
485 1121 577 1176 pessima
587 1134 673 1171 rerum,

82 1188 123 1231 Sub
132 1193 226 1247 pedibus
236 1193 302 1235 timor
311 1201 353 1242 est,
364 1204 482 1247 securaque
493 1204 580 1233 summa
590 1190 705 1235 malorum.

83 1262 157 1306 Audiat
165 1264 225 1321 ipsa.
235 1263 295 1314 licen
305 1263 365 1314 licet,
375 1273 399 1306 ut
409 1262 473 1313 facit,
483 1262 552 1304 oderit
561 1275 636 1305 omnes

83 1333 124 1375 Sub
133 1337 238 1381 Diomede
248 1337 316 1379 viros:
326 1337 402 1378 odium
413 1346 485 1379 tamen
495 1335 552 1379 illius
561 1349 637 1379 omnes

83 1407 218 1462 Spei-nimus,
229 1422 250 1454 ct
259 1425 326 1468 perro
333 1421 376 1454 stat
385 1423 464 1467 magna
473 1411 569 1467 potentia
578 1413 646 1456 uobis.
653 1431 665 1453 »ι

111 1485 219 1529 «Talibus
228 1485 318 1528 invitam
328 1486 434 1528 Venerem
443 1485 568 1529 Pleuronius
578 1490 659 1529 Acmon

85 1554 208 1602 instimulat
217 1558 299 1610 verbis,
307 1568 445 1614 veteremque
454 1560 566 1602 resuscitet
575 1560 638 1602 iram.

87 1626 143 1672 Dicta
152 1632 240 1688 placent
250 1631 336 1687 paucis:
347 1632 433 1674 numeri
443 1631 533 1688 majoris
542 1633 605 1676 amici

87 1701 181 1749 lcmooo
189 1705 332 1761 corripimus3
342 1707 377 1747 cui
385 1707 513 1761 respondere
522 1706 608 1761 paranti

87 1776 132 1819 Vox
141 1778 235 1833 pariter,
244 1778 344 1833 vocisque
352 1778 387 1820 vio
396 1787 428 1821 est
438 1787 537 1829 tenuato,
547 1790 657 1835 comteque

88 1849 112 1891 ln
120 1850 207 1906 plumas
216 1851 311 1893 abeunt:
321 1850 401 1907 plumis
410 1865 467 1894 nova
476 1850 532 1893 collo
541 1860 655 1907 teguntur,

88 1922 230 1983 Pectoraque,
239 1935 262 1967 et
270 1935 355 1981 tergum
365 1941 370 1966 :
379 1924 474 1982 majores
483 1926 572 1968 brachia
580 1939 662 1982 pennas

90 1997 210 2054 decipiunt.
220 1998 332 2053 cubitique
340 1998 396 2041 leves
404 1998 520 2041 sinuantur
528 1999 551 2040 in
560 1997 610 2040 olas.

93 2069 166 2127 liugn·
175 2074 258 2130 pedum
268 2073 345 2128 digitos
355 2088 404 2130 pars
413 2062 519 2128 occupat:
529 2086 609 2127 oraque
618 2085 688 2115 cornu

91 2140 193 2190 indurata
202 2146 283 2202 rigent,
292 2145 402 2202 finemque
411 2146 435 2189 in
444 2145 545 2188 acumine
555 2154 647 2199 ponunt

187 2232 218 2262 tr.
629 2229 660 2262 tt
