1667 2584
98 235 138 287 144
248 233 577 277 unrtuonruosnott
648 236 737 288 ualy.

94 320 179 363 Tertius
187 334 199 363 e
207 321 270 364 nobis
279 321 419 379 Laestrygonis
426 321 496 378 impia
507 321 570 367 tinxit

92 396 134 437 Ora
143 407 220 436 cruore
228 409 277 437 suo:
289 394 422 451 fugientibus
429 396 507 445 instet,
517 405 538 438 et
546 408 624 451 aqmen

93 467 191 510 Concitat
199 467 331 524 Antiphates.
340 471 436 517 Coeunt,
445 479 467 511 et
476 483 526 513 saxa
536 470 651 524 trabesque

93 539 237 592 Continuam,
247 554 391 598 merguntque
399 543 467 590 viros,
478 551 623 603 merguntque
632 541 727 585 carinae.

95 614 143 654 Una
153 622 237 665 umen,
247 629 295 669 que
304 629 343 657 nos
352 615 469 671 ipsumque
478 616 570 658 vehebat
578 615 666 667 Ulixen,

94 684 183 742 Effugit.
193 687 275 730 Amissa
284 689 394 731 sociorum
404 699 477 744 porte,
486 688 593 739 dolentur,
620 678 628 699 '

95 759 207 816 Multaque
216 761 328 817 conquesti
336 762 398 805 terris
407 762 532 804 adlabimur
541 762 594 813 illis,

95 835 153 891 Quas
158 834 234 889 procul
238 834 290 876 hinc
294 836 370 877 cernis.
375 834 450 877 Procul
457 835 508 877 hinc
513 836 559 885 tihi,
565 849 636 887 cerne,
642 835 739 880 videnda
744 845 781 883 est

96 907 180 957 Insula,
190 908 234 950 visa
244 907 308 949 mihi:
319 917 396 962 tuque,
406 922 420 948 o
428 910 432 949 !
440 907 560 963 justissime
569 910 667 960 Troum,

98 984 153 1023 Nate
162 983 203 1023 uea
214 981 365 1036 (nequeenim
375 982 438 1025 linito
448 985 515 1025 Marte
525 984 636 1026 vocandus

98 1053 167 1095 llnstis
176 1067 207 1102 es,
222 1054 308 1108 muca),
318 1068 408 1105 moneo,
419 1055 471 1110 fuge
479 1055 543 1098 litora
550 1057 629 1098 (lices.

98 1129 144 1168 Nos
152 1140 239 1182 quoque
247 1127 326 1169 circeo
336 1126 425 1182 religata
433 1128 456 1170 in
466 1128 529 1172 litore
538 1129 592 1184 pinu

99 1200 218 1256 Antiphatae
228 1214 346 1251 memores,
356 1201 539 1256 immansuetique
547 1201 657 1259 Cyclopis,

99 1275 132 1315 lre
141 1272 286 1327 negabamus,
295 1282 317 1315 et
326 1282 380 1315 tecta
389 1272 463 1328 ignota
472 1273 552 1316 subire.

98 1348 159 1389 Sorte
168 1360 244 1388 sumus
254 1345 315 1388 lecti:
325 1360 371 1388 sors
381 1360 428 1396 me,
438 1346 550 1402 fidumque
559 1345 654 1397 Politen,

98 1418 287 1475 Eurylochumque
296 1418 373 1467 simul,
382 1418 488 1474 nimiique
496 1419 601 1475 Elpenora
610 1419 668 1470 vini,

99 1493 175 1548 Bisque
184 1505 261 1534 novem
271 1492 340 1534 socios
349 1493 428 1535 Circaea
436 1493 464 1534 ad
473 1492 553 1535 moenia
563 1493 629 1535 misit.

100 1566 152 1623 Quae
161 1563 227 1605 simul
235 1564 357 1619 attigimus,
367 1564 509 1619 stetimusque
518 1564 541 1606 iu
551 1564 626 1607 limine
636 1566 700 1618 tecti;

100 1638 157 1682 Mille
167 1637 224 1693 lupi,
234 1637 348 1693 mixtaeque
357 1637 414 1693 lupis
424 1652 520 1693 ursaeque
529 1637 609 1693 leaeque

101 1716 196 1757 Occursu
207 1712 275 1755 fecere
284 1723 368 1756 metum
377 1730 382 1755 ι
392 1714 429 1755 sed
438 1712 497 1755 nulla
508 1713 615 1764 timendt,

101 1786 209 1841 Nullaque
218 1796 264 1829 erat
274 1797 347 1829 nostro
357 1785 442 1828 factura
451 1786 473 1829 iu
483 1799 572 1842 corpore
581 1785 668 1830 vulnus.

101 1861 159 1919 Quin
168 1859 233 1901 etiam
243 1859 333 1902 blandas
343 1874 428 1902 movere
437 1873 533 1916 peraeta
542 1860 634 1910 enudas,

101 1935 224 1988 Nostraque
233 1932 345 1974 adulantes
353 1933 460 1997 cqmitaut
470 1932 566 1988 vcstigia3
575 1933 645 1975 donec

100 2006 215 2061 Excipiunt
225 2004 322 2055 famulae,
332 2019 412 2061 perque
422 2005 476 2048 utria
486 2019 595 2048 marmore
604 2015 660 2048 tecta

103 2080 134 2120 td
143 2079 255 2119 dominam
265 2079 355 2119 ducunt.
366 2078 457 2119 Pulchro
466 2079 525 2122 sedet
534 2078 570 2120 illa
580 2092 675 2129 recessu,

102 2148 206 2190 Sublimis
215 2148 280 2198 solio,
290 2148 412 2203 pallamque
422 2149 498 2191 induta
508 2150 625 2202 nitentem,

96 2224 192 2274 lumper
200 2229 278 2262 aurato
286 2221 453 2264 circumvelatur
460 2223 550 2266 amictu.
