1667 2584
121 216 164 269 244
369 210 542 254 rnrsrrun
697 211 762 261 ms.

121 304 161 347 Sed
171 311 256 354 nmen,
266 311 292 345 ut
300 302 351 345 fuso
360 311 476 345 taurorum
486 299 593 355 sangnine
602 308 706 350 centnm,

151 378 184 419 Sic
193 376 278 432 eapitur
286 376 380 418 minimo
392 374 447 419 turis
456 374 538 418 bonore
547 376 611 416 Deus.

122 450 154 494 nh
163 449 233 503 ferus,
243 459 264 493 et
273 449 337 493 nobis
346 449 442 491 nimium
452 447 569 494 crudeliter
576 447 660 499 bostis,

152 523 240 567 Delicias
249 523 301 580 legit
308 523 346 580 qui
356 523 396 567 tibi
405 536 492 578 cunque
502 524 573 565 meas!

123 595 239 652 (Carmina
248 610 275 638 ne
284 595 363 638 nostris
372 596 401 637 sio
412 605 433 637 te
442 595 566 637 venerantia
575 594 638 636 libris

147 671 159 711 J
161 668 232 712 udicio
241 669 324 725 posdut
333 668 458 711 candidiore
469 666 534 723 legi.)

122 747 172 788 Esse
180 745 217 786 sed
227 744 282 787 irato
291 744 340 799 quis
350 753 370 786 te
380 743 435 785 mibi
445 753 516 799 posset
526 742 623 785 amiens?

152 819 193 861 Vix
203 831 255 861 tunc
264 818 309 874 ipse
318 817 372 860 mibi
382 831 427 860 non
437 817 539 860 inimicus
548 830 616 859 eram.

122 895 197 951 Quum
208 894 271 949 coepit
279 904 380 950 quassata
389 894 469 936 domus
478 892 601 944 subsidere,
611 903 686 948 partes

151 969 176 1009 in
186 966 315 1023 proclinatas
325 980 391 1009 omne
401 966 512 1010 recumbit
520 977 576 1009 onus
586 983 591 1008 :

122 1043 258 1096 Cunctaque,
267 1041 363 1083 Fortuna
373 1041 454 1084 rimam
464 1041 567 1091 faciente,
576 1040 696 1086 debiscunt
705 1059 710 1083 z

153 1117 201 1170 Ipsa
209 1128 250 1157 sno
258 1114 370 1170 quondam
380 1117 476 1171 pondere
486 1126 542 1159 tecta
552 1125 628 1159 ruunt.

122 1190 178 1246 Ergo
185 1189 302 1232 hominum
309 1189 425 1245 quaesitum
434 1190 510 1233 odium
518 1190 572 1232 rnibi
580 1191 694 1241 carmin„
703 1205 787 1248 quaque

153 1264 243 1312 Debuit.
253 1274 285 1308 eat
294 1264 367 1307 vultus
377 1265 441 1308 turba
450 1276 523 1309 nectua
533 1275 588 1307 tuos.

51 1415 54 1422 ⁴
123 1411 159 1462 At,
169 1409 272 1462 memini,
281 1410 392 1465 vitamque
402 1424 476 1452 meam
485 1423 600 1465 moresque
609 1412 723 1466 probabas

153 1483 204 1534 1110,
213 1496 279 1538 quem
289 1482 389 1532 dederas.
399 1483 548 1538 pretereuntis
558 1496 622 1537 equo.

123 1557 187 1617 Quod
196 1557 214 1599 si
223 1570 267 1599 non
276 1557 374 1612 prodeat,
384 1568 406 1600 et
415 1557 500 1601 bonesti
511 1558 578 1613 pratia
588 1555 651 1600 nulia

153 1630 266 1680 Redditur;
276 1638 299 1672 at
308 1629 395 1673 nullum
405 1629 489 1673 crimen
499 1631 590 1686 adeptus
600 1643 669 1676 eram.

124 1707 169 1748 Nec
180 1703 235 1746 male
245 1703 361 1747 commissa
370 1712 402 1746 est
411 1704 475 1746 nobis
484 1703 574 1746 fonuna
582 1716 686 1754 reorum,

153 1777 230 1833 Lisque
240 1778 314 1819 decem
324 1776 393 1819 decies
403 1776 535 1833 inspicienda
545 1776 601 1819 viris.

125 1853 164 1894 Res
173 1862 260 1905 quoque
269 1848 364 1904 privatas
374 1848 441 1891 statui
450 1848 496 1891 sine
506 1848 597 1892 erimine
602 1848 688 1905 judex:

154 1927 227 1980 Deque
236 1937 285 1965 mea
295 1923 350 1966 fassa
360 1933 392 1966 est
401 1938 451 1980 paru
460 1938 547 1980 quoqne
554 1924 609 1966 victa
619 1922 670 1967 nde.
744 1927 746 1930 ’

93 2017 95 2022 >
125 2001 159 2042 bie
169 1998 288 2040 miserum!
298 1995 371 2053 potui,
380 1998 398 2040 si
407 2011 453 2040 non
461 2007 558 2041 extrema
567 2009 684 2050 nocerent,

153 2072 237 2114 iudicio
249 2081 309 2114 tutus
319 2086 363 2114 non
372 2072 439 2114 semet
449 2087 494 2115 ease
504 2083 549 2115 tuo.

125 2142 206 2186 Ultima
216 2158 250 2185 me
259 2145 363 2200 perdunt;
373 2144 463 2201 imoque
471 2147 513 2188 sub
522 2155 608 2201 aaqnoro
618 2147 700 2203 mergit

154 2214 290 2258 incolumem
300 2216 362 2259 toties
371 2230 416 2260 una
425 2217 520 2273 procella
528 2228 604 2262 ratem.
