1667 2584
111 166 151 198 m
261 126 591 198 uerruoaerosaou
663 161 747 211 ms.
825 126 826 213 l

108 245 199 294 tudinis,
209 243 294 287 Actiaco
302 258 350 301 quae
358 258 418 286 nunc
428 244 456 286 ab
465 243 563 300 Apolline
571 233 623 287 nou
633 254 678 297 est,

109 317 255 374 Voeaiemque
263 332 303 362 sua
312 330 392 362 terram
401 319 513 362 Dodonida
521 332 614 376 quercu,

108 391 257 447 Chaoniosque
267 393 337 442 sinus,
348 392 386 434 ubi
395 392 446 463 nat'y
451 406 499 447 rege
508 378 603 435 blolosso

106 464 171 507 Irrita
180 464 281 520 subjectis
291 464 365 520 fugere
374 464 474 506 incendia
482 464 565 520 pennis.

137 612 174 653 1x.
183 612 282 653 Priorum
292 611 405 652 Pheneum
414 609 513 652 felicibus
522 610 592 653 obsita
600 611 674 667 pomis
697 664 702 669 „

108 687 165 727 Rura
174 695 256 740 petunt.
267 686 340 740 Epiros
349 685 377 725 ab
386 684 431 736 bis,
440 694 571 740 regnataque
580 684 623 727 vati

105 758 221 801 Buthrotos
230 759 331 815 Phrygio,
341 757 486 812 simulataque
495 757 561 813 Troja
571 766 681 801 tenentur.

104 832 158 874 Inde
167 831 294 875 futurorum
304 832 367 882 certi,
376 845 426 886 quae
434 840 512 873 cuncta
521 829 579 872 fideli

103 903 222 946 Priamides
228 903 323 953 Helenus
332 903 418 945 monitu
428 903 563 958 praedixerat,
573 903 658 946 intrant

105 975 219 1017 Sicaniam.
229 974 307 1017 Tribus
316 975 359 1016 haec
369 975 463 1017 excurrit
471 974 494 1016 in
503 987 589 1031 <equora
598 974 696 1031 linguis:

104 1047 121 1089 E
130 1046 209 1101 quibus
218 1044 342 1087 imbriferos
351 1046 440 1087 obversa
448 1047 558 1103 Pachynos
567 1047 596 1089 ad
605 1048 709 1101 Austros;

103 1119 206 1162 Mollibus
216 1118 337 1174 expositum
346 1118 448 1175 Zephyris
457 1118 563 1175 Lilybaeon
571 1134 576 1159 :
586 1129 609 1161 at
619 1122 701 1164 breton

104 1194 201 1250 liquoris
210 1205 319 1250 expertem
328 1204 410 1250 spectat
418 1196 550 1250 boreamque
559 1192 653 1238 Peloros.

102 1269 146 1310 Hac
154 1269 249 1310 subeunt
258 1267 345 1321 Teucri,
355 1268 462 1323 remisque
471 1278 566 1324 aestuquc
575 1270 673 1314 secundo

101 1340 147 1383 Sub
156 1350 243 1382 noctem
252 1340 334 1396 potitur
343 1339 440 1382 Zanclaea
449 1340 519 1383 classis
529 1354 601 1383 arena.

100 1412 171 1471 Scylla
179 1412 235 1455 latus
245 1414 356 1464 dextrum,
366 1413 444 1455 lterum
453 1413 569 1469 irrequieta
578 1415 704 1472 Charybdis

99 1487 212 1531 infestant.
221 1489 289 1529 Vorat
297 1486 342 1530 haec
353 1498 424 1544 raptas
433 1488 566 1545 revomitque
575 1489 672 1542 carinas;

98 1560 139 1603 illa
147 1560 198 1603 ieris
207 1570 277 1603 atram
287 1560 378 1602 canibus
386 1559 518 1615 succingitur
527 1560 612 1612 alvum,

99 1634 194 1690 Virginis
202 1647 241 1676 ora
250 1647 337 1689 gerens:
347 1642 379 1685 et,
389 1633 407 1675 si
416 1647 461 1675 non
470 1633 544 1674 omnia
554 1642 611 1676 vates

96 1707 157 1749 ricta
166 1706 310 1762 reliquerunt,
319 1706 392 1761 aliquo
401 1720 488 1763 quoque
498 1715 594 1761 tempore
603 1707 672 1763 virgo.

96 1783 157 1824 ilanc
167 1781 231 1823 multi
239 1781 319 1836 petiere
328 1780 400 1836 proci:
410 1782 490 1837 quibus
498 1780 536 1822 illa
545 1781 636 1836 repulsis

96 1855 129 1898 Ad
137 1853 206 1910 pelagi
216 1854 338 1910 Nymphas,
347 1855 416 1910 pelagi
426 1854 546 1910 gratissima
555 1854 675 1911 Nymphis,

95 1927 155 1978 Ibat,
166 1938 187 1969 et
196 1926 266 1969 elusos
272 1926 380 1982 juvenum
389 1929 492 1971 narrabat
501 1940 591 1970 amores.

96 2002 181 2055 Quam,
191 2001 244 2042 dum
254 2000 368 2055 pectendos
377 2002 457 2056 praebet
466 2001 553 2045 Galatea
561 2001 662 2058 capillos,

97 2071 185 2114 Talibus
194 2072 325 2128 adloquitur,
334 2082 431 2128 repetens
440 2074 542 2130 suspiria,
552 2074 626 2117 dictis:

98 2145 144 2187 «Te
154 2153 237 2198 umen,
247 2158 260 2185 o
271 2144 340 2201 virgo,
350 2158 416 2201 penus
426 2146 485 2192 haud
494 2147 579 2193 immite
589 2148 689 2199 virorum
