1667 2584
51 160 133 211 ιω.
282 159 383 202 itinn
400 161 470 204 xtv.
656 168 692 207 151

50 249 143 291 lumina
153 249 268 299 viderunt,
278 249 365 304 inopem
374 251 489 307 somnique
498 252 594 311 cibique,

49 325 85 365 Per
90 324 160 380 juga,
171 338 210 380 per
218 323 296 374 valles,
306 339 349 380 qua
358 324 402 368 fois
412 326 517 376 ducebat,
526 339 624 372 euntem

51 396 144 440 Ultimus
154 398 255 454 adspexit
264 397 343 440 fessam
354 398 458 455 luctuque
467 401 544 457 viaque

50 471 130 522 libris,
140 472 196 515 etin
206 471 278 527 gelida
288 483 405 528 ponentem
414 488 506 531 corpora
515 475 570 531 ripa.

9 568 10 573 =
50 543 93 587 lllic
101 559 157 587 cum
168 544 272 602 lacrymis
280 545 327 600 ipso
337 546 449 590 modulata
459 548 544 598 dolore,

50 617 132 666 Verba,
142 631 200 660 sono
211 618 272 660 tenui
282 631 384 667 maerens,
394 618 510 671 fundebat;
521 631 546 664 ut
555 620 608 663 olim

50 691 154 732 Carmina
159 691 211 746 jam
220 690 315 732 moriens
325 691 382 734 canit
391 692 519 747 exsequialia
528 708 616 751 cygnus.

51 764 155 806 luctibus
165 774 288 805 extremum
299 774 372 805 tenues
382 763 498 819 liquefacta
507 764 614 808 medullas

51 838 142 891 Tabui13
153 838 220 894 inque
229 837 285 879 levas
294 837 400 893 paulatim
409 840 498 882 evanuit
509 853 579 882 auras.

9 896 10 903 ἵ
52 911 118 951 Fama
128 921 206 952 tamen
215 909 298 964 agnata
308 909 356 951 loco
365 920 407 960 est;
418 924 484 966 quern
494 912 534 955 rite
543 914 662 956 Canentem

52 981 147 1023 Nomine
157 980 184 1023 de
195 981 300 1037 Nymphae
311 991 389 1023 veteres
398 982 471 1024 dixere
478 985 584 1027 Camena.

53 1053 110 1096 Talia
120 1054 194 1096 multa
204 1054 258 1095 mihi
267 1054 358 1110 longum
367 1066 454 1098 narrata
464 1070 608 1112 perannum,

53 1130 147 1185 Visaque
157 1138 221 1170 sunt:
232 1128 322 1179 resides,
331 1137 353 1170 et
362 1130 503 1173 desuetudine
513 1132 567 1174 tardi

53 1204 134 1245 Rursus
143 1201 199 1244 inire
208 1201 302 1253 fretum,
312 1215 387 1244 rursus
396 1202 447 1243 dare
457 1202 503 1244 vela
508 1203 622 1258 jubemur.

54 1278 204 1334 Ancipitesque
213 1276 269 1326 vias,
278 1285 300 1318 et
309 1275 350 1318 iter
358 1275 444 1321 Titania
453 1287 539 1319 vastum

55 1351 150 1397 dixerat,
159 1361 180 1394 et
189 1351 237 1392 saevi
248 1359 327 1391 restare
336 1349 431 1404 pericula
441 1349 509 1405 ponti.

55 1424 170 1476 Pefflmui,
179 1423 260 1474 fatcor3
270 1433 389 1479 nactusque
398 1424 441 1465 hoc
450 1423 500 1466 titus
510 1426 595 1469 adhaesi.
604 1444 615 1465 ›-

81 1573 117 1614 tt.
127 1574 231 1615 Fiutmr
241 1573 363 1613 Macareus:
374 1585 472 1626 urnaque
481 1573 552 1615 AEneia
561 1575 634 1616 nutrix
655 1562 661 1571 ’

55 1642 144 1688 Condita
154 1656 287 1689 marmorea.
298 1643 384 1685 tumulo
394 1645 457 1685 breve
468 1657 556 1686 carmen
565 1645 668 1688 habebat:

57 1721 95 1761 tta
103 1735 137 1762 me
146 1722 237 1763 Gaieten
246 1724 303 1760 notae
312 1721 401 1773 pietatis
409 1721 525 1767 almanus,

58 1794 156 1850 Arqols'eo
165 1800 278 1848 ereptam,
287 1806 329 1849 quo
338 1792 414 1833 debuit
423 1795 486 1848 ique,
495 1796 606 1835 cremavit.

57 1866 148 1908 Solvitur
157 1866 249 1907 herboso
258 1862 360 1918 religatus
369 1865 396 1906 ab
406 1877 482 1919 aggere
492 1863 561 1914 funis;

59 1939 82 1981 Et
90 1937 162 1994 procul
172 1935 272 1986 insidias,
281 1935 435 1991 infamataeque
446 1934 571 1991 relinquunt

58 2013 117 2056 Tecta
127 2014 183 2062 oea,
194 2012 297 2065 lucosque
306 2019 393 2065 petunt.
404 2009 443 2052 ubi
452 2009 541 2052 nubilus
551 2010 632 2051 umbra

58 2087 81 2128 ln
90 2101 147 2129 mare
156 2099 209 2129 cnm
220 2084 276 2126 ssata
285 2083 408 2140 prorumpit
417 2083 487 2126 Tibris
495 2095 572 2132 arena5

59 2162 221 2218 Faunigenaeque
230 2160 296 2202 domo
305 2159 399 2216 potitur,
409 2167 504 2213 nataque
511 2154 593 2204 Latini,
