1667 2584
106 137 145 179 nso
255 134 585 177 urrrrronrnosrorr
660 135 744 190 usqe.

101 224 160 267 ilicet
169 224 192 265 in
201 223 279 272 ramis,
289 221 412 266 tremuiaere
422 222 536 265 cacumine
544 220 633 277 palmer,

102 297 213 353 Unguibus
222 306 243 340 et
253 298 324 353 pando
334 296 411 338 nidum
421 295 463 338 sibi
472 296 579 339 construit
587 308 633 338 ore.

101 372 149 428 Quo
158 371 224 413 simui
233 385 258 414 ec
267 371 344 422 casias,
354 380 377 414 et
386 371 450 413 nardi
457 371 510 413 lenis
519 370 606 421 aristes,

100 445 224 502 Questuque
233 458 284 486 cum
294 443 352 486 fulva
362 441 479 485 substravit
487 442 591 484 einnornu
600 441 703 498 myrrha5

100 518 126 558 Se
135 517 316 572 superimponit,
326 516 417 570 finitque
427 516 450 556 iu
459 515 563 558 odoribus
571 529 651 558 rerum.

98 590 151 631 lnde
160 588 245 640 ferunt,
255 591 345 633 totidem
353 589 392 644 qui
402 589 471 631 vivere
480 590 558 632 debent
567 603 653 641 annos„

97 666 191 719 Corpore
200 665 227 706 de
235 665 305 720 patrio
313 678 404 720 parrum
413 664 512 706 Pboenice
522 663 612 708 renasci.

98 738 173 794 Quum
183 737 242 780 dedit
251 738 302 779 huic
311 747 362 779 etas
371 737 437 787 vires,
446 736 551 792 onerique
561 737 651 779 ferendo
660 747 706 786 est,

97 814 229 856 Ponderibus
238 813 283 859 nidi
293 827 365 855 ramos
374 812 430 855 ierat
439 812 522 854 arboris
531 811 590 863 aitte,

96 888 188 942 Fertque
197 886 245 942 pius
255 898 364 949 conoque
373 899 435 935 sues,
444 885 582 942 patriumque
591 885 732 942 sepulerum

96 960 177 1012 Perque
186 957 241 1000 letes
251 971 314 999 ouras
324 957 449 1013 Hyperionis
458 958 512 1000 urbe
521 957 613 1014 potitus,

96 1034 150 1073 Ante
159 1031 216 1072 fores
225 1044 295 1072 sacres
305 1030 430 1086 Hyperionis
439 1031 484 1073 aede
493 1031 585 1087 reponit

95 1104 116 1144 si
127 1113 199 1145 tomen
208 1113 241 1145 est
249 1101 330 1157 aliquid
339 1101 399 1144 mirae
409 1102 510 1146 novitatis
519 1103 541 1145 in
551 1103 608 1154 istis;

94 1176 204 1219 Alternore
213 1176 280 1227 vices,
289 1184 310 1217 et
320 1188 367 1230 quae
377 1176 444 1218 modo
453 1175 535 1225 femina
545 1185 604 1233 tqrqo

95 1252 155 1293 Passa
165 1264 247 1293 marem
257 1259 300 1301 est,
308 1263 367 1292 nunc
377 1264 422 1292 esse
432 1263 515 1292 marem
526 1251 633 1293 miremur
642 1251 752 1308 hyrenem.

92 1327 116 1367 Id
128 1338 228 1381 quoque,
237 1324 296 1378 quod
305 1323 373 1365 ventis
381 1323 464 1365 animal
472 1323 569 1365 nutritur
577 1332 599 1364 et
607 1336 673 1374 auru,

92 1400 192 1443 Protinus
202 1395 318 1438 adsimulat
328 1405 388 1438 tactu
396 1409 537 1451 quoscunque
547 1394 636 1438 colores.

91 1475 110 1516 V
112 1474 154 1516 iota
164 1468 290 1513 racemifero
299 1467 372 1524 lyncas
381 1469 440 1511 dedit
449 1468 509 1510 ludin
518 1468 600 1511 Boccho
609 1486 613 1510 :

90 1550 106 1589 E
116 1546 206 1602 quibus,
216 1552 241 1586 ut
251 1553 384 1592 memorant,
393 1542 499 1597 quidquid
510 1542 578 1585 vesica
587 1542 684 1594 remisit,

90 1621 188 1663 Vertitur
196 1620 219 1661 in
229 1617 320 1672 lapides,
331 1627 352 1658 et
361 1616 460 1672 congelat
469 1630 517 1658 nere
527 1626 590 1659 tacto.

90 1695 123 1737 Sic
132 1703 154 1736 et
163 1691 283 1740 ruralium,
291 1704 335 1745 quo
344 1689 442 1745 primum
452 1689 541 1745 contigit
549 1703 613 1731 euros

89 1770 206 1821 'i'ornpore‚
215 1764 321 1806 durescit:
331 1762 403 1805 mollis
412 1762 454 1805 fuit
463 1762 530 1805 herbo
540 1762 580 1804 sub
591 1762 663 1806 undis.

117 1856 129 1877 o
136 1840 220 1879 Deseret
228 1846 278 1877 ente
289 1835 345 1885 dies,
354 1844 375 1877 et
384 1833 461 1893 inuito
469 1834 561 1877 rhoebus
569 1833 661 1876 anhelos

89 1916 177 1967 *Equore
187 1910 253 1963 tinget
262 1922 339 1963 equos,
348 1921 414 1962 quam
425 1921 544 1962 consequor
552 1906 627 1950 omnia
636 1907 713 1960 dietis,

88 1988 111 2026 in
121 1983 200 2038 species
210 1981 312 2025 translata
320 1994 393 2022 novas.
403 1981 437 2023 Sic
448 1990 544 2037 tempore
554 1981 606 2023 terti

85 2056 197 2100 Cernimus
206 2088 211 2105 ,
221 2063 285 2109 etque
295 2053 341 2096 iiius
349 2054 463 2098 adsumere
472 2056 551 2098 robora
559 2063 644 2110 gentes,

84 2128 200 2171 concidere
210 2128 254 2169 has.
264 2128 297 2169 Sic
307 2141 386 2185 mogun
395 2128 552 2184 iuitcensuque
561 2129 667 2184 uirisque.
