1667 2584
122 190 163 231 262
262 245 272 260 .
288 186 463 229 TRISTIUM
480 186 542 227 ulo.
560 186 592 226 11.
683 188 767 226 v-SSS.

121 275 223 329 Dictaque
232 284 284 318 aunt
293 273 368 324 nobis,
377 273 477 330 quamvis
487 286 568 316 manue
576 272 656 315 ultima
665 282 740 329 coepto

150 348 232 402 liduit,
242 349 266 391 in
275 348 339 392 facies
349 362 440 405 corpora
450 362 509 392 verta
519 362 593 390 novas.

121 423 190 477 atque
200 422 284 466 utinam
294 436 379 464 revoces
389 421 489 464 animum
499 420 608 477 paulisper
617 421 646 462 ab
655 420 701 472 ira,

152 496 178 537 Et
187 509 255 538 vacuo
260 495 340 552 jubeas
349 495 400 537 hinc
411 495 450 538 ribi
459 494 591 550 paucalegi!

122 572 203 616 Pauca.
213 571 292 627 quibus
302 571 373 627 prima
381 584 472 625 surgens
481 570 509 612 ab
519 569 602 625 origine
611 570 704 621 muudi,

151 646 176 685 iu
187 654 224 686 rua
233 644 312 686 deduxi
323 654 432 700 tempora.
442 646 518 690 Cesar.
529 657 597 701 opus:

122 719 241 776 Adspicias,
251 731 360 776 quantum
370 720 453 762 dederis
463 720 517 761 mihi
527 720 620 775 pectoris
629 719 687 776 ipse;

151 794 241 851 Quoque
251 792 324 835 favore
334 792 402 836 unimi
412 802 476 848 teque
486 803 579 849 tuosque
589 807 679 835 canam.

124 868 175 909 Non
184 881 223 922 ego
233 867 330 910 mordaci
339 867 443 911 destrinxi
452 867 549 910 carmine
558 882 696 924 quemquam
704 889 711 918 ς

153 942 197 982 Nec
207 954 270 982 meus
279 940 345 983 ullius
354 940 447 983 crimina
457 955 529 983 versus
539 942 611 984 habet.

123 1012 232 1055 Candidus
242 1028 255 1054 a
264 1012 345 1055 salibus
354 1012 446 1056 suffusis
455 1014 504 1056 fene
515 1015 583 1071 refugi
593 1030 599 1055 :

154 1086 219 1130 Nuiia
229 1097 333 1130 venenato
343 1088 404 1130 litera
416 1089 484 1132 mixta
491 1089 544 1145 joco
554 1099 593 1131 eet.

125 1162 225 1203 Inter'tot
234 1160 320 1216 populi,
331 1171 362 1204 tor
371 1161 446 1217 scripti
456 1162 523 1204 millia
534 1162 613 1213 nostri,

155 1237 225 1289 Quem
235 1250 284 1278 mea
294 1236 389 1292 Calliope
400 1237 486 1287 raserit,
497 1250 554 1280 uuus
563 1250 609 1292 ego.

127 1308 176 1350 Non
186 1308 252 1364 igitur
261 1309 340 1351 nostris
350 1308 422 1351 ullum
431 1310 525 1365 gaudere
533 1308 642 1365 Quiritem

156 1384 262 1436 Auguror,
272 1391 294 1423 ar
304 1381 385 1424 multoe
394 1382 523 1432 indoluisse,
532 1380 602 1423 malis.

127 1456 172 1496 Nec
183 1453 237 1495 mihi
246 1454 348 1497 credibile
357 1465 388 1498 est
397 1469 532 1511 quemquam
542 1454 658 1498 insultasse
664 1456 755 1513 jaccum

158 1528 230 1572 Gratia
239 1530 328 1571 candori
337 1530 355 1572 si
364 1545 408 1586 que
417 1530 485 1573 relata
495 1544 543 1573 meo
552 1539 592 1578 est.
669 1525 673 1536 '

128 1603 164 1646 His
174 1616 250 1659 precor
259 1612 324 1659 atque
333 1603 380 1645 aliie
389 1604 472 1659 possint
482 1614 519 1646 tue
529 1604 622 1647 numina
632 1605 704 1657 flecti,

158 1680 176 1720 0
185 1687 253 1734 pater,
263 1692 276 1721 ο
285 1679 360 1734 patria
369 1692 422 1721 cura
432 1679 533 1735 salusque
542 1690 592 1722 rue.

129 1755 180 1796 Non
190 1763 215 1795 ut
224 1752 247 1795 in
256 1754 374 1795 Ausoniam
385 1755 484 1806 redeam,
494 1755 536 1797 nisi
545 1754 637 1798 forsitan
647 1756 713 1808 oiim,

159 1830 233 1887 Quum
243 1827 308 1885 longo
317 1843 384 1886 poenae
394 1839 492 1887 tempore
501 1831 569 1873 victur
579 1831 635 1873 eris:

130 1903 207 1947 Turius
216 1903 326 1956 exsilium,
337 1904 446 1962 pauloque
454 1907 560 1962 quietius,
570 1921 620 1958 oro;

160 1979 187 2019 Ut
196 1992 236 2034 par
243 1978 322 2021 delicto
331 1979 359 2022 rit
369 1993 417 2023 mea
428 1994 491 2036 poeoa
500 1994 547 2024 suo.
