1667 2584
108 237 148 288 174
256 231 584 276 neranoaraoseou
673 236 743 285 r.75.

133 320 243 370 «Parcite,
252 319 365 369 mortales,
374 318 466 374 dapibus
475 326 581 360 temerare
589 315 693 360 nefandis

104 395 198 447 Corpora
206 407 211 431 τ
220 402 273 435 sunt
280 392 364 448 fruges,
374 400 426 434 sunt
435 391 563 434 deducentia
572 403 647 432 ramos

104 467 199 509 Pondere
208 480 274 522 poma
283 480 335 516 suo,
345 466 477 520 tumidaque
487 465 509 506 in
519 465 599 506 vitibus
608 478 656 507 ura
664 480 671 515 3

105 543 162 583 Sunt
170 541 241 582 herbe
249 540 335 591 dulcea;
344 549 408 591 sunt,
416 554 466 595 que
476 539 588 582 mitescere
597 538 702 590 llamma,

832 1028 833 1047 l

832 1052 833 1075 l

105 612 227 669 Mollirique
235 623 322 668 queant.
333 616 377 656 Nec
387 614 447 655 vobis
457 612 538 655 lacteus
547 613 630 654 humor

106 685 207 741 Rapitur,
218 699 256 727 nec
267 685 331 727 mella
341 685 410 741 thymi
421 685 538 727 redolentia
547 684 632 725 florem.

107 757 198 813 Prodiga
207 758 302 809 divitias,
311 757 458 813 alimentaque
467 757 528 799 mitia
538 756 601 799 tellus

109 830 217 887 Suppetit,
226 840 291 886 atque
300 831 374 886 epulas
383 832 430 872 sine
438 831 494 872 cade
503 838 525 871 et
533 829 640 884 sanguiue
649 831 739 886 prabet

109 906 178 946 Carne
187 903 236 946 fera
246 905 320 947 sedant
326 903 423 959 jejunia:
434 918 474 946 nec
483 913 556 945 tamen
565 916 650 944 omnes.

110 977 194 1033 Quippe
203 989 282 1031 equus,
292 986 314 1018 et
322 977 426 1031 pecudes,
436 985 578 1030 armentaque
587 975 689 1030 gramine
697 975 781 1019 vivunt.

109 1052 137 1093 At
145 1049 225 1105 quibus
233 1049 344 1104 ingenium
354 1058 386 1091 est
394 1046 610 1103 immansuetumque
621 1048 752 1105 ferumque,

111 1121 259 1177 Armeniaque
268 1121 342 1177 tigres,
351 1122 493 1177 iracundique
502 1118 585 1170 leones,

112 1198 211 1250 Cumque
220 1195 275 1249 lupis
285 1194 340 1243 ursi.
350 1195 442 1250 dapibus
451 1208 502 1236 cum
512 1193 617 1249 sanguine
627 1196 732 1250 gaudent

113 1269 169 1310 lieu!
179 1272 287 1321 quantum
297 1266 365 1309 scelus
375 1275 406 1309 est
416 1268 439 1308 iu
448 1256 528 1313 viscera
538 1267 618 1322 viscera
628 1270 706 1321 condi,

114 1343 262 1395 Congestoque
271 1340 358 1382 avidum
369 1340 506 1395 pinguescere
517 1353 606 1395 corpore
616 1354 709 1397 corpus,

115 1414 249 1467 Alteriusque
258 1414 392 1456 animantem
402 1413 520 1455 animantis
529 1413 599 1455 vivore
608 1412 664 1457 leto!

114 1488 198 1531 Scilicet
206 1488 229 1528 iu
239 1487 303 1529 tantis
312 1488 400 1543 opibus,
410 1502 464 1542 quas
473 1489 556 1542 optima
566 1498 666 1535 matrum

115 1566 180 1606 Tetra
189 1562 256 1618 parit,
266 1561 295 1603 nil
307 1561 376 1604 tenisi
386 1562 454 1604 tristia
464 1562 566 1604 mandere
574 1575 631 1609 saevo

115 1638 211 1681 Vulnera
220 1635 364 1692 dentejuvat.
375 1636 471 1692 ritusque
481 1635 560 1679 referre
568 1636 702 1694 Cyclopum?

118 1714 175 1760 Nec,
185 1710 225 1752 nisi
235 1710 350 1765 perdideris
360 1710 440 1760 aliurn,
450 1710 533 1766 placare
543 1712 637 1762 voracis,

116 1789 142 1829 Et
153 1784 208 1827 male
219 1784 296 1826 morati
307 1784 385 1838 poteris
391 1783 478 1839 jejunia
486 1783 577 1826 ventris?

118 1863 144 1902 dt
153 1868 213 1901 vetus
224 1857 259 1898 illa
268 1866 329 1906 celas,
339 1857 374 1899 cui
385 1856 475 1899 lecimus
484 1860 553 1899 Aurea
563 1871 656 1910 nomen,

118 1931 205 1975 Fetibus
214 1929 320 1977 arboreis,
330 1939 362 1973 et,
372 1943 426 1983 quas
435 1929 515 1970 humus
525 1930 614 1981 educat,
623 1930 699 1975 herbis

119 2008 236 2048 Fortunata
246 2001 299 2052 fuit,
309 2016 347 2043 nec
356 2002 433 2057 polluit
443 2016 480 2044 ora
490 2016 572 2044 cruore.

120 2079 181 2120 Tunc
190 2086 210 2117 et
219 2089 267 2117 aves
278 2085 334 2116 tutas
344 2088 429 2117 movere
438 2089 476 2130 per
485 2089 534 2117 aera
543 2090 635 2130 pennas,

121 2150 146 2189 Et
155 2147 215 2201 lepus
224 2147 345 2202 impavidus
354 2148 430 2189 mediis
439 2148 517 2190 erravit
525 2149 548 2189 iu
558 2148 627 2204 agris3

122 2208 166 2265 Nec
176 2233 215 2265 sua
224 2219 337 2263 credulitas
345 2220 426 2275 piscem
435 2221 574 2276 suspenderat
584 2221 666 2265 hamo:
