1667 2584
98 178 137 219 ‚aa
247 174 597 218 untauonanosaou·
652 181 736 234 stay.

95 267 195 309 AEtheree
204 267 274 315 sedes,
284 266 405 322 coelumque
415 267 456 309 erit
465 266 534 309 exitus
544 265 581 308 itti.
588 282 600 304 a

96 342 143 382 llaec
154 339 256 381 Helenum
267 340 366 381 cecinisse
375 340 499 395 penatigero
509 343 586 390 Enete,
609 383 613 391 ,

94 415 164 454 lllente
174 426 259 453 memor
269 412 349 461 refero,
358 422 492 467 cognataque
502 412 581 454 moenia
590 411 651 454 ltetor

93 488 201 536 Crescere,
211 497 232 528 et
241 486 322 529 utiliter
332 486 451 542 Phrygibus
461 485 533 527 vicisse
542 484 656 541 Pelasgos.-

124 576 135 597 ιι
143 561 174 600 Nc
185 568 258 601 tamen
268 558 340 600 oblitis
349 558 376 599 ad
386 568 468 600 metam
480 558 565 599 tendere
575 557 638 613 longe

92 631 241 687 Exspatiemur
247 631 307 686 equis
316 648 320 671 :
329 630 418 681 eoelum,
427 640 448 672 et
454 631 600 685 quodcunque
607 631 649 672 sub
657 630 697 673 illo
705 643 748 685 est,

92 707 199 746 immutat
209 703 302 752 formas,
312 699 458 757 tellusque‚'et
467 701 573 756 quidquid
582 702 605 743 in
614 701 652 744 illa
662 714 703 746 est.

93 779 138 819 Nos
144 791 231 832 quoque
239 790 288 831 pars
295 776 371 818 mundi
378 809 384 825 ‚
392 775 510 831 (quoniam
517 789 562 817 non
570 789 662 831 corpora
669 777 758 829 solum,

94 852 177 893 Verum
187 851 252 891 etiam
261 849 358 891 volucres
367 849 445 891 anima
455 862 542 899 sumus,
552 844 618 904 inque
629 849 712 893 ferinas

93 926 209 967 Possumus
219 924 249 965 irc
258 925 346 974 domos,
355 924 508 979 pecudumque
517 924 540 965 in
549 933 636 979 pectora
646 926 728 982 condi)

93 999 197 1053 Corpora,
208 1010 255 1051 quae
264 996 347 1051 possint
356 995 439 1038 animas
448 995 548 1038 habuisse
557 1008 688 1051 parentum,

93 1073 135 1111 Aut
144 1068 249 1117 fratrum.
259 1078 298 1110 aut
306 1067 379 1123 aliquo
385 1067 515 1123 junctorum
525 1067 603 1110 foedere
613 1070 691 1122 nobis,

92 1145 135 1184 tut
144 1141 260 1182 hominum
270 1151 337 1191 certe,
347 1150 393 1183 tuta
403 1155 448 1183 esse
457 1150 478 1183 et
488 1141 578 1184 honesta
587 1141 688 1186 sinamus
699 1160 704 1185 :

94 1219 151 1259 Neve
161 1216 269 1273 Thyesteis
278 1212 418 1258 dumulemur
426 1216 506 1257 viscera
516 1212 602 1261 πως.

95 1294 166 1349 Quam
177 1290 233 1332 male
242 1291 371 1340 consuescit,
381 1304 448 1345 quam
459 1280 480 1331 s'e
489 1300 550 1345 parat
560 1290 595 1331 illc
604 1291 678 1333 cruori

95 1364 177 1419 Impius
186 1365 297 1414 humano,
307 1362 368 1406 vituli
378 1363 416 1418 qui
426 1373 515 1418 guttura
524 1362 593 1406 cultro

94 1436 194 1491 Rumpit,
204 1445 225 1478 et
234 1435 336 1477 immotas
345 1436 426 1490 praebet
436 1435 555 1490 mugitibus
564 1438 638 1478 aures!

94 1515 137 1554 dut
146 1509 184 1567 qui
193 1510 275 1566 vagitus
285 1510 365 1552 similes
374 1510 493 1566 puerilibus
503 1498 590 1553 haedum

94 1588 198 1628 Edentem
205 1584 306 1641 jugulare
315 1595 395 1640 potest;
405 1595 443 1627 aut
453 1585 581 1636 atitevescu

95 1659 134 1703 Cui
143 1659 202 1701 dedit
211 1658 255 1714 ipse
264 1657 333 1700 cibos!
344 1667 451 1713 quantum
462 1668 504 1708 est,
513 1659 571 1713 quod
580 1658 635 1701 desit
645 1660 669 1702 in
678 1661 726 1704 istis

94 1734 126 1775 Ad
135 1731 224 1788 plenum
234 1730 327 1773 fucinus!
338 1744 381 1786 quo
391 1730 493 1773 transitus
502 1730 552 1772 inde
561 1734 663 1787 paratur!

94 1809 134 1850 Bos
143 1816 200 1854 aret,
210 1814 248 1846 aut
258 1815 350 1847 mortem
361 1805 481 1847 senioribus
490 1805 583 1861 imputet
591 1806 655 1859 annis
664 1825 677 1851 ε.

93 1879 228 1924 Horrifemm
238 1889 313 1922 contra
321 1882 402 1921 Borean
412 1880 457 1921 ovis
466 1892 526 1921 arma
536 1879 644 1922 ministret
654 1899 659 1923 :

95 1957 164 1998 Ubera
174 1956 226 1997 dent
234 1964 311 1997 saturae
323 1953 423 1995 manibus
432 1954 547 2009 pressanda
556 1953 649 2009 capellae.

94 2029 154 2071 lletia
162 2042 213 2071 cum
223 2028 313 2084 pedicis,
323 2028 466 2083 laqueosque5
474 2037 572 2083 artesque
581 2027 668 2071 dolosas

93 2101 182 2144 Tollite:
192 2115 231 2143 nec
240 2088 349 2144 volucrem
358 2101 437 2142 viscata
447 2100 513 2143 fallite
522 2100 593 2156 virga3

93 2175 138 2214 Nec
148 2172 269 2214 formidatis
279 2186 351 2215 cervos
360 2171 463 2215 includite
472 2172 555 2229 pinnis5
