1667 2584
91 143 107 172 t.
119 133 168 173 531.
318 132 417 175 LIBER
435 134 494 174 ΧΗ.
694 138 723 190 ⁸9

19 248 21 259 >
91 222 180 267 Maxime
190 222 222 264 vir
230 223 354 278 quondam,
364 223 400 264 sed
409 223 454 264 aris
461 236 520 265 nune
529 224 604 275 unica,
613 227 696 268 Cuneo.
704 242 721 263 »s

118 296 219 339 «Credita
228 310 262 340 res
271 308 360 340 auctore
368 311 407 340 suo
417 307 461 339 est:
472 297 533 340 dolor
542 299 623 342 addidit
632 300 699 349 itanu

91 372 262 427 oppressumque
270 385 326 427 egre
336 371 426 415 tulimus
436 382 467 415 tot
477 373 504 414 eb
513 373 611 416 hostibus
620 389 689 419 unum
699 393 704 417 :

92 446 133 487 Nec
140 446 201 502 prius
210 446 334 489 tdtstitimus
344 444 426 505 ferrum
436 459 532 490 exercere
541 461 628 498 cruore,

91 519 159 574 Quam
168 520 220 565 data
229 533 279 575 pars
288 519 342 570 leto,
350 529 435 574 partem
444 520 496 576 luga
505 533 591 575 noxque
600 523 714 564 removit.»

117 666 152 708 Vl.
162 667 211 708 linc
221 665 278 708 inter
284 664 383 720 Lapithas
392 675 414 708 et
423 665 577 707 semihomines
587 666 707 709 Centauros

89 736 171 789 Puella,
181 736 328 792 Tlepolemus,
339 736 396 794 Pylio
405 737 521 787 referente,
530 736 627 779 dolorem

90 810 190 853 Preteriti
199 809 276 855 stride
286 810 350 852 tacito
359 824 404 852 non
413 810 503 866 pertulit
512 823 559 860 ore3

90 887 157 939 ltque
167 883 210 925 ait:
222 900 233 922 α
243 881 348 927 terentes
358 882 440 925 mirum
449 893 481 924 est
490 881 568 925 oblivia
577 881 646 925 laudis

90 962 140 1001 leta
151 958 201 1008 tibi,
210 956 295 1000 senior:
305 966 361 998 certe
370 955 425 1001 milti
435 970 489 1011 sepe
499 955 577 998 referre

90 1032 215 1087 Nubigenae
224 1030 318 1072 domitos
327 1043 340 1071 a
349 1042 371 1071 se
380 1038 441 1084 pater
450 1029 494 1084 ipse
503 1029 609 1071 solebat.»

118 1103 193 1147 Tristis
200 1103 227 1145 ad
234 1103 279 1146 osc
287 1101 357 1158 Pylius
365 1118 370 1143 ;
379 1118 390 1141 r
399 1101 456 1156 Quid
464 1115 498 1142 me
506 1101 628 1143 meminisse
636 1100 744 1145 malorum

91 1177 164 1234 Cogis,
173 1185 195 1219 et
204 1176 309 1227 obductos
318 1174 380 1216 annis
390 1174 508 1215 rescindere
519 1172 599 1223 luctus,

93 1254 159 1308 Inque
169 1259 234 1292 tuum
243 1248 361 1305 genitorem
371 1247 458 1297 odium,
468 1246 604 1302 offensasque
615 1246 687 1290 lateri?

91 1326 126 1369 llle
135 1325 226 1383 quidem
235 1323 319 1380 majora
329 1323 384 1373 lide,
394 1325 429 1377 lli!
439 1323 512 1378 gessit,
522 1332 544 1364 et
552 1322 628 1364 orbem

20 1436 21 1443 ,
92 1398 192 1454 Implevit
202 1396 295 1443 meritis,
304 1395 363 1449 quod
373 1394 461 1436 mallem
471 1409 531 1449 posse
540 1395 619 1450 negari.

20 1504 21 1533 q
92 1473 130 1514 Sed
140 1485 212 1526 neque
222 1469 368 1526 Deiphobum,
377 1483 416 1512 uec
427 1468 591 1526 Polydamanta,
601 1483 639 1512 nec
649 1470 721 1525 ipsum

20 1548 21 1583 l
94 1548 184 1590 lleetora
193 1544 321 1588 laudemus:
331 1543 380 1597 quis
389 1543 448 1585 enim
458 1542 576 1587 laudaverit
585 1544 683 1586 hostem?

92 1619 128 1663 llle
138 1630 190 1662 tuus
200 1616 285 1674 [renitor
294 1615 398 1659 lllessauia
408 1617 486 1659 moenia
495 1617 606 1671 quondam

92 1693 182 1743 suevit,
191 1702 213 1735 et
222 1690 342 1734 immeritus
351 1691 426 1738 urbes.
435 1690 524 1745 Elinque
534 1689 652 1746 Pylonque,

93 1767 174 1816 diruit,
184 1766 250 1819 inque
260 1777 319 1809 meos
328 1762 411 1807 ferrum
421 1762 577 1819 flammamque
586 1774 672 1820 penates

93 1839 190 1897 Impulit
202 1841 272 1894 thue
279 1836 332 1880 alios
342 1847 437 1888 taceam,
446 1851 501 1894 quos
509 1837 544 1879 ille
553 1838 655 1893 peremit;

94 1914 127 1957 llis
136 1928 172 1957 sex
182 1912 263 1954 Nelidae
273 1910 367 1960 fuimus,
376 1921 490 1966 conspecta
497 1910 614 1965 juventus:

94 1987 127 2031 llis
135 2002 172 2030 sex
181 1984 290 2031 Herculeis
298 1984 432 2034 cecideruut,
443 1998 477 2026 me
487 1985 561 2026 miuus
570 1997 626 2033 uuo,

95 2062 189 2105 Viribus.
199 2063 268 2115 Atque
277 2057 330 2101 alios
340 2057 394 2099 vinci
403 2058 498 2112 potuisse
508 2056 621 2099 terendum
631 2066 670 2100 est.

94 2137 149 2181 ltira
156 2132 299 2191 Periclymeni
308 2145 368 2175 mors
375 2141 418 2182 ett;
428 2131 463 2174 oui
472 2144 533 2186 posse
542 2129 623 2185 figuras

165 2222 200 2252 tv.
631 2217 643 2254 7
