1667 2584
34 150 38 159 ’
67 157 151 199 vitu.
302 152 402 193 mann
419 153 473 193 xv.
668 150 708 192 183

68 243 165 294 Crathis,
174 251 197 284 et
205 241 257 284 huie
266 240 363 296 Sybaris,
372 240 608 293 nostriqcontetminua
617 238 683 289 arvia,

68 317 151 360 Eiectro
161 314 242 358 similes
252 312 336 357 faciunt
345 327 443 370 auroque
452 312 546 369 capillos.

69 390 176 446 Quodqde
186 387 256 443 magis
265 387 360 437 mirum,
368 396 421 429 sunt
429 387 467 442 qui
476 400 521 429 non
530 400 621 443 corpora
630 395 731 437 nutum,

70 465 153 507 Verum
163 462 250 504 animos
259 461 325 503 etiem
334 461 419 504 valeam
429 470 525 511 mutare,
534 461 635 517 liquores.

69 537 108 580 cui
117 550 164 579 non
173 535 249 577 audita
257 544 289 576 est
298 535 401 577 obscoenae
410 534 515 577 Salmacis
524 535 598 585 uude,

70 610 222 666 Ethiopesqne
231 607 302 650 lacus?
310 622 365 663 quos
373 609 391 649 si
400 609 450 663 quis
459 607 559 650 faucibus
568 607 651 658 hausit,

70 686 113 727 dut
122 683 189 733 furit,
198 691 238 725 aut
247 682 328 723 mirum
338 682 420 737 patitur
429 682 532 737 gravitate
541 694 648 739 soporem.
730 722 735 735 ,

70 757 160 801 Clitorio
169 756 295 811 quicunque
303 755 362 797 sitini
371 757 398 797 de
407 756 468 798 fonte
477 756 565 807 levarit,

71 833 128 874 Vina
138 829 206 886 fugit,
215 829 336 884 gaudetque
346 829 410 871 meris
420 830 539 873 abstemius
548 829 623 881 undio

71 907 112 947 Seu
123 903 155 947 vis
164 911 197 944 est
205 901 228 942 in
238 915 293 956 aqua
303 901 373 943 calido
382 903 491 944 contraria
500 903 549 944 vino
557 919 563 954 3

72 979 133 1029 Sive,
142 977 203 1032 quod
212 975 317 1030 indigena
326 986 450 1029 memorant
455 998 462 1027 ‚·
472 978 601 1021 Amithaone
610 985 686 1026 natue,

71 1050 175 1094 Proetidas
184 1048 286 1092 attonitas
295 1060 410 1104 postquam
420 1064 458 1105 per
466 1064 555 1094 carmen
564 1061 585 1094 et
594 1050 678 1092 herbae·

71 1123 156 1181 Eripuit
166 1122 240 1172 furiis,
250 1122 379 1178 purgamina
389 1123 468 1166 mentio
477 1124 500 1166 iu
509 1124 556 1166 illas

72 1199 131 1242 Misit
140 1210 208 1252 aquas
218 1212 222 1237 :
233 1197 352 1251 odiumque
361 1197 415 1238 meti
425 1197 543 1252 permansit
551 1197 574 1238 in
583 1195 654 1239 nudie.

73 1272 127 1315 Huic
136 1270 186 1313 ssuit
195 1266 276 1312 effectu
285 1269 358 1324 dispar
367 1269 490 1326 Lyncestius
499 1268 582 1310 amnis:

74 1347 144 1401 Quem
154 1343 279 1399 quicunque
288 1354 368 1399 parum
377 1345 490 1384 moderato
499 1352 587 1397 gutture
599 1341 675 1393 traxit,

73 1418 136 1460 fland
145 1416 208 1458 aliter
217 1415 308 1464 titubat,
317 1427 386 1469 quarn
395 1414 413 1456 si
423 1428 484 1457 mern
492 1416 543 1457 vina
551 1413 645 1457 bibisset.

73 1492 110 1535 Est
119 1490 179 1532 lacus
188 1486 295 1536 Arcadia,
304 1486 404 1529 Pheneon
413 1487 485 1530 dixere
493 1488 587 1543 prioret,

73 1562 187 1618 Ambiguis
196 1570 308 1616 suspectus
317 1560 379 1615 aquis
387 1580 392 1614 3
402 1574 457 1615 quas
466 1571 529 1603 noete
537 1561 614 1603 timeto
624 1576 629 1601 :

74 1639 144 1680 Nocte
154 1644 234 1678 nocent
242 1644 308 1690 potae;
318 1634 364 1676 sine
373 1648 430 1676 noxa
439 1634 486 1676 luce
495 1626 608 1679 hibhtdr.

73 1710 108 1753 Sic
118 1709 171 1752 alias
181 1708 276 1763 aliasque
285 1706 344 1749 lacus
353 1717 376 1749 et
385 1706 479 1749 flumina
488 1707 542 1750 vires

74 1785 217 1841 Concipiunt:
228 1793 357 1839 tempusque
365 1782 419 1833 fuit,
431 1797 476 1838 quo
485 1783 545 1825 navit
555 1782 578 1824 in
588 1782 663 1835 undio,

73 1863 142 1903 Nune
150 1860 210 1902 sedet
217 1859 309 1916 Ortygie.
318 1859 401 1901 Timuit
409 1858 551 1901 concursibus
560 1860 616 1913 Argo

74 1934 190 1976 Undarum
198 1932 441 1989 spartasssymplegadas
453 1931 566 1983 elisarum

74 2010 128 2064 Qua
137 2020 196 2049 nunc
206 2006 302 2048 immota
312 2015 418 2060 perstant,
428 2006 539 2061 ventisque
549 2004 657 2050 resinam.

74 2081 133 2131 Nee,
144 2093 192 2137 quae
200 2078 303 2123 sntteeei·
311 2078 371 2121 ardet
379 2078 516 2129 fornacibus,
527 2083 586 2121 Eure

74 2155 140 2211 ignea
148 2165 234 2208 semper
243 2152 297 2195 erit:
306 2164 376 2207 neque
385 2151 445 2196 enim
455 2151 499 2196 fuit
507 2140 570 2208 ignea
578 2164 673 2210 temper.
759 2174 763 2183 ·
