1667 2584
93 223 119 266 ne
241 204 569 268 uerrucaraosaou
640 225 724 268 mae.

58 312 66 331 ⁸
89 311 129 353 Vel
138 324 200 364 uece;
210 311 242 355 rel
252 312 330 369 siquid
340 314 438 356 medium
447 314 565 369 mortisque
575 312 681 369 fugaeque.

88 386 156 440 idque
165 386 270 440 quidesse
279 396 360 443 potest,
370 388 410 429 uisi
418 401 481 430 rersre
490 401 553 443 poena
561 387 647 443 figure?
655 404 667 426 u

76 460 146 502 ulium
155 460 250 510 dubitat,
260 462 318 516 quod
329 472 399 505 mutet
407 476 455 509 eos,
464 463 491 504 ad
501 475 582 504 cornua
590 461 677 504 vultum

90 532 167 584 Fleuit,
177 544 199 577 et
207 535 318 578 admonita
327 544 358 577 est
366 536 411 577 huc
422 535 462 578 illis
472 549 533 591 posse
542 534 645 590 relinqui;

91 604 227 662 Grandiaquc
236 605 258 649 ln
269 616 339 649 torvos
349 606 490 650 transformat
498 608 597 649 membra
603 605 716 662 juvencos.

119 753 164 795 Vll.
173 769 185 792 e
191 754 249 797 Surtr
257 762 330 797 tamen
338 754 441 798 obscoene
448 757 553 798 Venerem
562 754 692 811 Propoetides
700 768 762 799 ausae

91 827 140 870 Esse
149 840 226 883 negare
235 831 313 871 Deam:
324 843 363 885 pro
372 845 416 886 quo
425 845 476 880 sua,
485 826 582 873 numinis
591 829 634 880 ira,

91 900 186 954 Corpora
195 914 246 942 cum
255 899 327 943 forma
336 902 411 957 primu
420 902 516 958 vulgasse
525 902 632 945 feruutur.

91 965 161 1028 litque
170 973 241 1028 pudor
249 974 321 1024 cessit,
331 976 459 1031 sanguisque
469 976 567 1018 induruit
575 975 630 1028 oris,

91 1045 116 1086 ln
125 1045 219 1101 rigidum
228 1058 294 1101 parvo
303 1046 384 1089 silicem
393 1048 517 1091 discrimine
526 1062 597 1090 versae.

121 1189 177 1233 v111.
183 1205 195 1229 a
201 1191 260 1246 Quis
267 1191 318 1247 quir
325 1192 449 1249 Pygmalion
456 1207 526 1236 evum
536 1208 574 1250 per
583 1193 666 1237 crimen
675 1206 766 1252 agentes

94 1264 193 1314 Viderat,
204 1263 301 1308 offensus
310 1266 377 1318 vitiis,
387 1281 434 1322 quae
444 1266 539 1323 plurima
548 1269 617 1311 menti

94 1337 199 1381 Femiueae
209 1340 291 1381 Natura
300 1340 369 1391 dedit,
380 1341 426 1383 sine
435 1340 527 1398 conjuge
536 1342 611 1385 celebs

93 1411 196 1461 Vivebat,
207 1411 338 1468 thalamique
347 1413 385 1456 diu
394 1424 493 1457 consorte
502 1417 595 1459 carebat.

93 1486 177 1527 interea
186 1485 273 1528 niveum
282 1485 337 1530 mira
347 1487 438 1530 feliciter
446 1498 492 1531 arte

94 1556 176 1612 Sculpit
184 1558 245 1610 ebur,
255 1558 392 1615 formamque
400 1561 470 1612 dedit,
480 1575 524 1617 qua
533 1560 614 1604 femina
624 1564 683 1606 nasci

95 1631 162 1674 Nulla
171 1642 251 1688 potest,
262 1635 373 1691 operisque
382 1635 416 1677 sui
426 1636 525 1692 concepit
532 1650 637 1679 amorem.

96 1704 190 1761 Virginis
199 1718 231 1750 est
239 1721 293 1750 verre
302 1708 378 1760 facies,
387 1722 455 1764 quam
465 1709 534 1751 rivere
542 1711 627 1761 credas,

96 1781 134 1829 Et,
142 1780 160 1821 sl
169 1794 214 1823 non
224 1781 294 1826 obstet
303 1784 432 1835 reverentia,
441 1784 494 1827 velle
504 1784 593 1827 moveri.

97 1854 136 1896 trs
145 1853 198 1896 adeo
208 1853 259 1897 latet
268 1865 313 1898 arte
322 1859 371 1898 sua!
383 1857 480 1908 Miratur,
490 1867 511 1901 et
520 1857 593 1901 haurit

96 1927 182 1969 Pectore
192 1926 315 1983 Pygmalion
325 1930 421 1973 simulati
430 1932 526 1987 corporis
535 1932 601 1988 ignes.

99 2001 157 2056 Saepe
168 2012 246 2042 manus
255 2000 314 2056 operi
324 2010 430 2045 tentantes
440 2005 550 2056 admovet,
560 2005 625 2047 ausit
706 2056 708 2059 v

98 2077 192 2129 Corpus,
202 2089 230 2118 an
237 2074 292 2118 illud
301 2078 366 2129 ebur;
376 2092 416 2121 nec
425 2080 480 2121 ebur
490 2090 563 2122 tamen
572 2095 617 2123 esse
626 2079 714 2125 fatetur.

98 2149 175 2191 Oscula
184 2150 232 2201 dat,
242 2151 344 2207 reddique
352 2164 428 2209 putat:
439 2154 588 2211 loquiturque,
599 2166 713 2213 tenetque:

100 2224 125 2264 Et
135 2222 202 2266 credit
211 2224 272 2267 tactis
281 2226 358 2282 digitos
367 2227 460 2270 insidere
469 2229 587 2272 membris:
