1667 2584
123 178 150 229 58
276 173 606 216 Muranonenosuort
674 177 766 233 v.a34.

121 264 244 321 Insequitur
253 264 366 315 manibus,
375 246 519 320 generosaque
528 272 615 319 pectora
623 264 704 320 pulsat.

152 341 232 382 «Forte
241 337 284 381 fuit
289 337 352 395 juxta
362 337 428 394 signis
436 337 569 380 exstantibus
578 351 640 397 asper

124 412 231 467 antiquus
240 421 320 462 crater,
329 425 395 467 quern
404 420 491 452 vastum
499 410 579 452 vastior
587 410 633 466 ipse

125 486 217 531 Sustulit
226 485 319 542 AEqides‚
327 485 459 540 adversaque
468 484 528 527 misit
536 485 559 527 in
567 497 613 526 ora.

126 558 239 615 Sanguinis
248 557 283 600 ille
293 557 367 614 globos
376 556 464 614 pariter,
473 557 642 612 cerebrumque,
651 571 791 616 merumque

128 632 222 679 Vulnere
231 643 253 675 et
262 646 298 674 ore
307 645 408 681 vomens,
418 631 505 672 madida
515 630 629 685 resupinus
638 644 707 675 arena

128 705 243 749 calcitrat:
251 706 367 747 ardescunt
375 718 478 759 germana
487 704 544 746 caede
553 704 699 756 bimembrem

128 779 274 834 Certatimque
283 791 359 821 omnes
368 791 412 821 uuo
423 790 470 828 ore,
480 779 555 827 Arma,
566 790 639 826 arma,
649 776 783 835 loquuntur,

131 853 187 895 Vina
196 853 279 895 dabant
286 851 384 893 animos:
394 859 416 892 et
425 850 496 907 prima
507 849 584 906 poeula
592 864 669 906 pugna

132 926 195 969 lllissa
204 925 288 975 volant,
297 924 425 981 fragilesque
434 924 493 975 cadi,
504 924 607 980 curvique
616 924 711 979 lebetes;

131 1004 170 1045 lies
180 998 248 1054 epulis
257 999 379 1053 quondam,
389 1012 448 1043 nune
458 998 514 1041 bello
523 1008 545 1041 et
553 998 649 1042 caedibus
659 1012 725 1057 apta.

132 1072 216 1117 Primus
225 1071 354 1128 Ophionides
364 1075 457 1128 Amycus
466 1071 583 1129 penetralia
592 1073 657 1116 donis

134 1147 195 1190 llaud
205 1144 279 1187 timuit
288 1144 379 1201 spoliare
387 1144 443 1194 suis;
453 1154 475 1187 et
484 1145 567 1201 primus
577 1145 604 1187 ab
614 1147 661 1190 ade

133 1218 279 1275 Lampadibus
287 1219 379 1260 densum
389 1218 462 1275 rapuit
469 1218 544 1261 funale
553 1219 663 1263 coruscis:

135 1293 265 1348 Elatumque
276 1292 329 1342 alte,
339 1291 405 1337 veluti
415 1295 452 1347 qui
462 1292 553 1334 candida
564 1293 620 1335 tauri

137 1372 244 1424 Rumpere
252 1366 349 1409 sacrifica
360 1365 450 1408 molitur
459 1366 513 1409 colla
523 1366 604 1416 securi,

137 1440 199 1484 illisit
207 1439 274 1483 fronti
283 1439 376 1495 Lapithae
385 1439 518 1490 Celadontis,
528 1449 549 1482 et
557 1452 606 1487 ossa

138 1517 188 1558 Non
198 1513 333 1569 agnoscendo
341 1511 433 1554 confusa
443 1511 529 1567 reliquit
538 1512 561 1553 iu
571 1526 614 1555 ore.

138 1585 245 1636 Exsiluere
254 1584 323 1636 oculi,
332 1583 468 1640 disjectisque
477 1584 560 1625 ossibus
570 1584 613 1631 oris

140 1662 192 1703 Aeta
202 1668 258 1701 retro
267 1657 336 1706 naris,
346 1656 460 1715 medioque
470 1655 536 1697 infixa
545 1655 618 1711 palato
627 1667 667 1700 est.

141 1735 203 1776 llunc
212 1732 265 1788 pede
274 1731 377 1773 convulso
387 1744 466 1773 mensae
475 1729 562 1772 Petlaeus
571 1744 655 1773 acerna

142 1805 220 1851 Stravit
230 1804 293 1846 humi
302 1803 393 1854 Belates‚
402 1801 491 1858 disjecto
500 1802 523 1843 in
532 1812 620 1858 pectora
629 1814 721 1849 mento:

142 1881 241 1933 Cumque
250 1886 297 1919 atro
307 1878 385 1919 mixtos
393 1886 518 1932 sputantem
528 1876 631 1931 sanguine
641 1877 729 1937 dentes,

144 1951 238 1996 Vulnere
247 1951 357 1993 Tartareas
365 1950 475 2005 geminato
485 1948 552 1991 mittit
560 1951 588 1991 ad
598 1952 698 1995 umbras.

144 2024 256 2068 Proximus
266 2032 291 2064 ut
299 2032 397 2070 stererat.
406 2033 503 2077 spectans
512 2022 588 2065 altaria
597 2022 661 2067 vultu

146 2097 237 2138 Fumida
247 2094 347 2137 terribili:
359 2095 420 2137 «Cur
429 2109 484 2146 uon,
494 2096 536 2146 ait,
545 2095 629 2138 utimur
638 2097 719 2141 istista

147 2169 245 2224 Cumque
254 2164 297 2213 suls
307 2168 402 2226 Gryneus
411 2167 531 2213 immanem
541 2167 629 2212 sustulit
637 2183 702 2217 aram
