1667 2584
132 174 157 214 72
283 160 609 204 nurtnonrnosron
698 162 773 212 en.

132 250 229 304 Troaqne
237 248 323 293 Peliaca
331 250 442 311 stemeiiat
450 248 544 304 cuspidis
553 249 599 291 ictu

131 320 233 375 Aternium
242 335 322 377 perque
329 321 385 364 acies
392 332 431 364 aut
437 324 534 378 Cycnum
542 330 580 369 aut
587 323 679 363 Hectora
686 334 804 377 quaerens,

132 393 274 449 Congreditur
283 398 367 462 Cycno:
377 394 488 443 decimum
497 394 576 437 dilatus
583 393 608 439 in
617 407 704 436 aunum

133 466 210 507 ilector
219 468 336 509 erat;Tum
345 465 460 522 collajugo
469 465 583 509 candentia
592 477 676 521 pressos

132 538 260 582 Exhortatus
270 554 347 596 equos,
356 553 446 599 currum
456 538 532 582 direxit
541 538 669 590 inhostem5

133 612 305 670 concutiensque
313 614 359 668 suis
369 611 475 654 vibrantia
484 611 527 654 tela
536 610 631 661 lacertis,

136 686 254 742 «Quisquis
264 701 296 737 es,
306 702 319 728 o
326 685 423 743 juvenis!
434 684 510 728 solatia
519 684 595 727 mortis
604 684 699 734 habeto,

135 759 201 809 Dixit,
211 761 238 801 ab
248 761 357 803 Haernoniu
367 760 426 815 qnod
435 759 463 801 sis
468 758 583 815 jugulatus
592 758 680 801 Achille.
687 775 699 797 n

135 833 241 875 Hactenus
251 833 343 875 AEacides
351 850 356 874 :
365 846 441 891 vqcem
450 831 519 888 gravis
527 831 589 874 hasta
597 842 673 874 secuta
681 841 720 874 est.

137 906 177 947 Sed
185 918 319 960 quamquam
329 915 387 948 certa
397 904 470 947 nulius
479 903 522 947 fuit
531 917 591 945 error
600 905 623 946 in
632 904 706 955 hasta.

137 979 173 1022 Nil
178 958 255 1022 'tamen
265 980 337 1021 emissi
347 978 439 1036 profecit
447 979 547 1021 acumine
553 978 619 1035 fiferri5

137 1055 207 1108 thue
216 1053 287 1094 hebeti
297 1062 371 1108 pectus
379 1053 531 1113 tantummodo
542 1051 641 1105 contudit
650 1051 708 1094 ictu:

139 1127 212 1167 «Nate
221 1127 274 1175 Dea,
283 1139 335 1167 narn
346 1136 366 1168 tc
376 1124 437 1167 sarna
444 1124 600 1181 panormus,
610 1124 683 1181 inquit

139 1198 188 1250 ille,
197 1198 250 1254 quid
259 1214 272 1241 a
281 1200 343 1242 nobis
353 1198 432 1242 vuinus
440 1199 526 1241 miraris
535 1200 608 1241 abesse

141 1272 274 1328 (Mirabatur
283 1271 368 1329 enim)i
377 1274 426 1315 Non
436 1272 492 1323 haec,
501 1285 569 1327 quam
578 1271 658 1322 cernis,
668 1271 754 1327 equinis

140 1345 205 1389 Fulvo
212 1346 273 1402 jubis
282 1346 357 1398 cussis,
366 1360 436 1403 neque
446 1359 501 1389 onus
510 1359 562 1388 care
571 1358 648 1400 parma
656 1344 748 1388 sinisuae

140 1419 223 1462 Auxilio
234 1419 287 1460 mihi
296 1428 348 1461 sunt
355 1436 360 1459 :
367 1420 435 1466 decor
444 1428 475 1461 est
483 1418 585 1474 quaesitus
594 1419 622 1459 ab
632 1418 685 1461 istis.

139 1495 195 1536 Mars
200 1505 286 1548 quoque
292 1493 320 1533 ob
325 1492 366 1535 hoc
371 1505 512 1548 caperearma
516 1490 576 1534 solet.
582 1491 738 1534 Removebitur
742 1505 805 1535 omne

142 1566 250 1623 Tegminis
261 1564 373 1607 officium:
384 1574 457 1607 tumen
467 1564 603 1606 indestrictus
612 1564 686 1606 abibo.

141 1642 178 1683 Est
186 1639 278 1696 aliquid,
287 1652 331 1680 non
341 1627 385 1680 esse
394 1647 466 1681 satum
476 1637 577 1688 Nereide,
587 1637 624 1679 sed
633 1637 672 1692 qui

143 1717 254 1769 Nereaque
261 1746 267 1764 ,
275 1722 298 1755 et
306 1721 379 1764 natae,
388 1720 410 1755 ct
420 1720 492 1754 totum
501 1718 606 1766 temperet
615 1724 697 1766 equor.
704 1727 715 1749 s

171 1787 239 1829 Dixit:
249 1792 271 1828 et
279 1786 390 1828 haesurum
399 1784 468 1841 clypei
476 1784 602 1827 curvamine
612 1783 683 1827 telum

145 1861 202 1904 Misit
210 1861 233 1902 in
243 1859 353 1910 AEaciden‚
362 1860 422 1915 quod
430 1846 452 1902 et
460 1872 500 1909 res,
509 1867 531 1900 et
539 1858 638 1914 proxima
648 1858 708 1919 rupit

144 1935 212 1987 Terga
220 1944 304 1973 novena
312 1931 392 1981 bouuu
401 1930 487 1974 decimo
498 1941 571 1974 tamen
581 1930 633 1972 orbe
643 1940 760 1974 moratum.

145 2004 229 2047 Excutit
238 2003 278 2045 hoc
287 2002 361 2052 heros,
371 2016 488 2059 rursusque
498 2002 612 2046 trementia
621 2002 674 2045 forti

146 2077 197 2119 Tela
206 2089 273 2117 mann
283 2075 357 2118 torsit:
367 2089 441 2118 rursus
451 2076 496 2119 sine
506 2075 594 2119 vulnere
603 2090 695 2133 corpus,

146 2149 299 2204 Sinccrumque
309 2146 362 2200 fuit3
371 2161 410 2205 nec
421 2149 482 2192 tertia
492 2149 563 2205 cuspis
572 2160 687 2205 apertum,
