1667 2584
106 121 148 171 154
256 115 586 157 METAMORPHOSEON
660 120 749 173 ’.5οῷ

103 209 164 249 llunc
174 207 252 261 Lycus,
262 205 321 246 hunc
330 204 390 253 Idas,
400 214 421 246 et
430 218 482 246 eum
490 204 611 246 Rbetenore
620 205 732 262 Nycteus,

104 281 166 321 llnnc
176 277 283 319 mirantur
293 278 359 328 Abas;
369 287 391 319 et
399 277 453 319 dum
463 275 582 325 mirantur.
592 277 697 320 eamdem

103 350 217 405 Accipiunt
227 349 304 391 faciem
313 365 318 389 :
328 362 477 403 numerusque
486 362 511 390 ex
521 348 606 403 agmine
615 348 691 404 major

102 424 217 474 Subvolat‚
227 434 249 466 et
259 438 330 466 remos
339 423 420 480 plausis
429 423 576 466 circumsonat
584 422 629 465 alis

101 498 123 541 st
134 498 246 540 volucrum
256 511 303 553 quae
313 498 341 539 sit
350 496 473 538 subitarum
483 494 556 539 torma
566 496 667 551 requiem

102 573 131 613 Ut
140 585 184 613 non
194 584 325 628 cygnorum,
335 570 364 611 sic
374 569 431 611 albis
438 568 536 624 proxime
546 570 627 626 cygnis.

104 645 143 687 Vix
154 644 254 700 equidem
263 644 302 686 has
311 644 382 691 sedes,
392 652 414 684 et
423 641 506 699 Iapygis
516 642 576 684 arida
585 643 656 685 Dauni

102 720 155 760 Arva
165 731 229 772 gener
240 728 311 767 teneo,
322 716 414 758 minima
424 729 476 758 cum
485 725 545 771 parte
555 729 684 761 meorum.»

131 865 176 905 Vll.
187 865 302 906 lltcrnrtus
311 862 408 906 OEnides.
418 846 516 905 Venulus
525 861 642 918 Calydonia
652 877 734 920 regnu,

101 936 253 990 Peucetiosque
262 936 333 985 sinus,
343 936 490 991 Messapiaque
499 949 550 977 arva
559 935 669 991 relinquit.

100 1012 126 1051 ln
135 1009 214 1064 quibus
223 1017 286 1050 antra
295 1007 363 1058 videt,
373 1023 420 1064 quae
431 1009 500 1051 multa
510 1008 584 1051 nubila
594 1009 659 1062 silva,

100 1086 125 1125 Et
135 1082 216 1124 levibns
226 1081 291 1137 guttis
302 1082 426 1133 manantia,
437 1083 555 1139 semicaper
565 1085 607 1125 Pan

100 1159 164 1199 Nunc
175 1166 242 1205 tenet;
252 1165 274 1197 nt
282 1156 378 1210 quodam
388 1166 505 1199 tenuerunt
517 1166 614 1212 tempore
623 1159 743 1216 Nymphae.

100 1229 196 1285 Appulus
204 1229 244 1270 bas
253 1228 288 1269 illa
298 1239 370 1284 pastor
380 1229 466 1285 regione
475 1228 560 1285 fugatus

100 1302 194 1350 Terruit,
205 1312 226 1344 et
235 1301 386 1357 primosubita
395 1301 512 1344 formidine
522 1302 590 1344 movit
599 1318 604 1343 :

99 1378 159 1424 Mox,
169 1374 207 1416 ubi
218 1388 278 1416 mens
288 1374 361 1424 rediit,
371 1384 393 1417 ct
402 1385 535 1417 contemsere
545 1385 687 1430 sequentem,

99 1452 130 1493 Ad
139 1462 258 1492 numerum
267 1449 332 1491 motis
341 1448 433 1504 pedibus
443 1449 522 1490 duxere
530 1448 626 1491 choreas.

99 1523 211 1578 lmprobat
220 1522 258 1563 has
268 1530 352 1577 pastor.
361 1520 463 1575 saltuque
472 1521 570 1563 imitatus
580 1523 661 1577 agresti

100 1596 186 1639 Addidit
195 1594 299 1637 obscoenis
309 1592 405 1636 convicia
415 1593 495 1636 rustica
505 1592 573 1635 dietis.

99 1670 143 1710 Nec
153 1666 212 1723 prius
221 1665 323 1716 obticuit,
333 1679 400 1721 quam
410 1675 499 1721 guttura
508 1665 606 1708 condidit
615 1667 693 1710 arbor:

97 1743 178 1785 Arbore
188 1740 246 1781 enim
255 1754 362 1795 succoque
371 1739 421 1782 licet
431 1752 557 1794 cognoscere
567 1748 651 1793 mores;

98 1817 181 1874 Quippe
191 1825 266 1857 notam
275 1814 353 1870 linguae
363 1814 435 1857 baccis
444 1814 534 1856 oleaster
542 1814 624 1856 amaris

98 1890 199 1933 Exhibet:
210 1888 312 1944 asperitas
321 1889 438 1930 verborum
448 1887 509 1930 cessit
518 1887 540 1928 in
550 1886 604 1930 illas.

125 2033 179 2073 Vlll.
190 2032 245 2073 llum
254 2030 292 2072 nbi
301 2029 364 2084 legati
375 2032 467 2082 rediere,
477 2040 554 2087 negata
563 2031 657 2076 ferentes

97 2104 161 2145 Arma
171 2102 238 2145 Etoln
246 2101 299 2151 sibi.
308 2100 382 2145 ltutuli
391 2102 437 2145 sine
446 2105 527 2147 viribus
536 2104 578 2147 illis
