1667 2584
120 237 147 290 84
275 233 603 276 METtltoltPaosnon
676 247 695 274 v.
709 233 761 289 396:

117 326 147 368 Ex
156 321 253 365 humeris
263 322 345 365 medios
355 336 418 365 coma
428 322 569 364 descendebat
578 322 600 363 in
610 334 691 364 armos.

119 399 196 439 Gratus
205 396 228 438 in
238 410 274 438 ore
283 396 356 452 vigor:
366 395 449 445 cervix,
459 395 598 452 humerique,
608 409 744 452 manusque,

116 471 247 523 Pectoraque
256 468 365 512 artificum
375 467 467 510 laudatis
477 468 575 524 proxima
584 468 661 524 signis,

117 544 144 585 Et
152 555 195 597 qua
205 551 265 598 parte
275 541 314 584 viri
323 553 365 592 est;
375 555 414 582 nec
424 541 473 596 equi
484 542 587 583 mendosa
597 541 638 582 sub
647 540 685 582 illa

117 615 255 672 Deteriorque
264 616 310 658 viro
320 616 390 658 iacies.
400 616 431 657 Da
440 614 507 666 colla,
517 625 639 671 caputque:

115 691 201 734 Castore
211 689 289 747 dignus
298 689 345 733 erit.
355 691 388 732 Sic
398 703 484 745 tergum
493 688 575 740 sessile,
585 688 615 731 sic
624 698 683 731 stant

115 765 202 806 Pectora
212 762 267 805 celsa
278 763 329 805 toris
338 780 342 804 :
353 773 411 805 totus
420 762 467 818 pice
476 763 558 818 nigrior
567 772 620 804 atra.

114 836 210 878 Candida
218 837 287 881 cauda
297 847 370 879 tamen
380 853 384 877 :
394 836 455 878 color
464 846 496 878 est
505 849 592 891 quoque
601 835 704 878 cruribus
714 832 789 877 albus.

115 909 188 952 Multo
197 908 259 950 illum
269 908 348 964 petiere
358 910 433 951 suade
443 919 515 964 gente;
526 910 616 952 seduna

115 980 209 1026 abstulit
218 981 348 1038 Hylonome,
357 996 400 1039 qua
410 981 471 1024 nulla
480 982 590 1024 decentior
598 981 656 1026 inter

117 1054 231 1098 Semiferos
241 1054 288 1097 altis
297 1055 403 1098 habitavit
412 1054 494 1097 femina
504 1054 567 1099 silvie.

118 1131 165 1172 llaec
174 1138 195 1171 et
204 1126 325 1178 blanditiis,
335 1138 357 1171 et
366 1130 472 1180 amando,
482 1139 504 1172 et
512 1142 586 1170 amare
596 1128 685 1171 fatendo

117 1200 217 1258 Cyllaron
228 1214 273 1243 una
282 1210 346 1243 tenet.
354 1200 430 1243 Cultus
439 1215 526 1257 quoque
536 1211 631 1258 quantus
640 1201 664 1243 in
673 1201 717 1244 illis

117 1277 166 1318 Esse
175 1284 246 1330 potest
255 1275 372 1317 membris:
383 1284 407 1316 ut
416 1275 444 1317 sit
453 1288 516 1317 coma
526 1275 610 1333 pectine
619 1275 688 1328 laevis,

116 1352 144 1392 Ut
153 1350 218 1391 modo
229 1363 276 1391 rore
285 1350 362 1401 maris,
372 1350 439 1392 modo
449 1364 470 1391 se
480 1350 565 1392 violave
570 1364 644 1393 rosave

116 1420 225 1479 lmplieet;
235 1423 344 1466 interdum
355 1424 468 1466 candentia
478 1424 521 1466 lilia
532 1434 611 1481 qestet;

116 1497 192 1552 Bisque
201 1496 235 1538 die
244 1496 307 1553 lapsis
315 1500 416 1553 Paqasaete
427 1497 504 1540 vertice
513 1497 571 1539 silvae

116 1571 221 1615 Fontibus
230 1584 268 1613 ora
277 1570 343 1624 lavet,
352 1571 385 1613 bis
395 1570 487 1613 flumine
496 1585 586 1627 corpora
598 1571 677 1629 tingat3

117 1647 173 1696 Nee,
184 1644 225 1686 nisi
233 1658 281 1705 quat
290 1646 391 1695 deceant,
400 1645 562 1700 electarumque
571 1643 669 1687 ferarum
677 1679 684 1699 ,

116 1723 160 1767 Aut
168 1720 272 1771 humero,
281 1730 319 1762 aut
328 1720 390 1763 lateri
400 1720 518 1777 protendat
527 1718 604 1761 vellera
613 1718 673 1762 laevo.

116 1797 156 1836 Par
164 1807 226 1836 amor
236 1804 268 1836 est
276 1793 330 1836 illie:
340 1804 413 1837 errant
422 1794 444 1835 in
455 1794 566 1836 montibus
577 1808 632 1845 una,

117 1869 183 1911 Antra
192 1867 257 1910 simul
267 1869 373 1923 subeunt;
383 1879 405 1911 et
414 1879 462 1911 tum
472 1868 581 1924 Lapitheia
591 1878 648 1913 tecta

116 1945 224 1985 Intrarunt
234 1940 319 1996 pariter,
329 1941 409 1998 pariter
419 1941 464 1983 fera
474 1940 529 1983 bella
539 1942 650 1996 gerebant.

116 2016 197 2058 Auctor
204 2015 227 2056 in
237 2013 318 2055 incerto
328 2023 360 2056 est
366 2030 374 2071 5
379 2014 480 2069 jaculum
490 2015 516 2055 de
525 2023 586 2069 parte
596 2014 684 2058 sinistra

116 2086 192 2136 Venit,
202 2096 224 2129 et
232 2085 333 2136 inferius,
342 2099 408 2142 quam
419 2085 474 2128 collo
484 2096 571 2141 pectora
580 2088 685 2140 subsunt,

117 2158 211 2213 Cyllare,
221 2168 241 2201 te
251 2157 303 2200 lixit.
312 2160 379 2200 Parvo
388 2172 427 2200 cor
435 2159 523 2203 vulnere
531 2159 607 2202 laesum

117 2231 210 2287 Corpore
219 2245 270 2275 cum
280 2241 325 2274 toto
334 2241 383 2289 post
393 2231 435 2275 tela
445 2233 521 2275 educta
531 2232 621 2281 refrixit.
