1667 2584
120 195 160 235 118
269 190 599 234 Muranoarnosuou
672 193 759 235 odio.

115 287 197 340 Terque
208 296 286 340 rogum
295 282 399 333 insuunt,
408 291 431 326 et
439 295 548 325 macnus
556 282 600 325 exit
607 282 632 324 in
641 296 708 328 auras

115 360 157 403 Ter
165 355 265 412 clangor:
275 365 354 412 quarto
362 355 471 398 seducunt
478 365 549 399 costra
557 354 639 399 volatu.

117 433 174 474 Tum
183 432 229 474 duo
237 430 319 474 diremti
329 429 405 486 populi
413 430 441 472 de
450 440 511 486 purte
521 429 602 473 feroces
666 462 669 469 .

118 505 174 549 Bella
183 517 271 562 fluunt,
281 505 397 561 rostrisque
406 514 429 547 et
437 504 528 548 aduncis
538 505 649 563 uqynibus
658 505 704 550 irus

117 581 230 630 Exercent,
239 579 327 635 alasque
335 580 467 633 adversaque
476 588 564 634 pectora
572 578 668 622 lascautz

120 653 246 709 lulenaeque
255 654 336 696 cadunt
344 653 410 695 cineri
420 661 512 707 coynuta
521 651 606 707 sepulto
652 670 658 681 ·

118 728 224 783 carpam
233 740 299 782 seque
308 726 353 767 viro
363 724 414 768 forti
424 725 544 767 meminere
553 734 643 768 emtas.

119 799 249 856 Praepetibus
258 798 335 841 subitis
345 811 427 840 nomeu
436 797 489 841 lucit
497 807 587 840 auctor:
597 798 626 840 ab
635 797 676 840 illo

121 872 270 915 Memnonides
278 872 351 923 dietae,
361 885 431 927 qnuru
441 870 477 914 Sol
485 872 587 914 duodena
595 872 681 928 peregit
691 892 698 909 ·

121 946 197 1001 Siqua,
207 944 311 1001 parentali
320 944 421 1001 periturae
430 946 497 987 Marte
507 943 619 986 rebellant

151 1022 205 1075 Eryo
214 1018 261 1060 aliis
270 1017 358 1061 latrasse
367 1018 497 1076 Dymantida
506 1018 578 1061 flebile
587 1020 660 1062 risum
670 1034 676 1061 :

122 1091 225 1134 Luctibus
234 1100 266 1134 est
274 1093 357 1132 Aurora
365 1090 410 1132 suis
419 1091 513 1141 intenta,
524 1091 613 1147 piatque

124 1165 187 1206 Nunc
196 1176 283 1219 quoque
292 1163 330 1205 dut
338 1162 456 1219 lacrymas,
466 1173 487 1205 et
497 1172 542 1205 toto
552 1163 644 1206 roratio
654 1164 717 1207 orbe.

153 1313 188 1353 Vl.
200 1314 246 1354 Nec
257 1322 331 1355 tamen
340 1325 437 1355 eversam
446 1311 514 1368 Trojat
523 1325 575 1354 cum
585 1313 698 1356 moenibus
707 1327 753 1357 csse

124 1387 188 1440 Spem
193 1398 280 1440 quoque
285 1384 330 1426 fata
335 1385 536 1435 sinuutzsacru.et,
544 1384 690 1437 racmultcra,
697 1397 791 1442 panem,

125 1459 174 1500 Fert
183 1457 279 1500 humeris
288 1457 409 1500 venerabile
418 1471 474 1500 onus
482 1457 608 1514 Cythereius
617 1457 691 1502 heros

125 1532 154 1572 Ile
164 1531 229 1573 tantis
238 1530 316 1585 opibus
325 1531 421 1585 praedem
429 1529 479 1585 pins
487 1529 546 1584 eligit
555 1529 625 1581 illum,

125 1603 284 1659 Ascaniumque
293 1615 372 1645 suum:
382 1601 517 1658 profugaque
526 1614 661 1658 peraequum
671 1603 740 1647 claste

127 1680 203 1721 Fertur
211 1678 239 1719 ab
248 1677 370 1726 Antandro,
379 1675 524 1730 scelerataque
532 1674 610 1717 liminu
618 1675 744 1729 Thracum,

126 1754 153 1795 Et
162 1751 280 1808 Polydoreo
289 1760 416 1794 manantem
425 1748 529 1806 sanquine
539 1759 620 1792 terrum

126 1826 226 1882 Linquit:
236 1835 258 1868 ct
267 1825 356 1869 utilibus
365 1825 445 1874 centis,
454 1833 550 1879 astuque
559 1825 656 1868 secundo

126 1903 196 1944 lutrat
204 1898 350 1955 Apollineam,
358 1901 422 1943 sociis
430 1899 598 1952 comitantibus,
607 1900 696 1944 urbem.

128 1976 189 2016 lhuc
198 1974 276 2024 Anius,
284 1986 329 2028 quo
338 1987 387 2029 rege
395 1974 506 2024 homines,
517 1972 612 2016 antistite
620 1973 717 2019 Phoebua

128 2047 318 2097 alterutrorum,
328 2047 452 2103 temploque
461 2049 571 2104 domoque
581 2049 673 2104 recepit.

129 2119 251 2175 Urbemque
260 2119 364 2171 ostendit,
373 2119 507 2177 delubraque
512 2130 577 2173 vota,
586 2122 687 2179 duasque

129 2192 209 2235 Latona
218 2193 329 2245 quondam
338 2193 414 2248 stirpes
424 2195 520 2249 pariente
529 2205 628 2240 retentas.
