1667 2584
108 204 149 246 130
259 204 589 247 Muramonrnosnort
661 219 683 248 r.
695 217 747 260 929.
827 200 828 255 ι

105 293 156 335 Non
165 292 216 334 data
224 302 277 336 sunt
286 293 351 349 rapiti
359 292 452 350 genialia
460 303 527 346 serta;
537 307 576 337 nec
585 307 686 350 unquam

105 365 213 408 Faleiierae
222 380 308 410 secuere
317 381 403 411 manus.
412 369 456 423 Ego
465 368 549 424 primus
558 368 581 410 iu
590 367 627 410 ilio

104 442 187 498 Cespite
196 442 294 493 consedi,
303 443 359 485 dnm
367 442 412 484 lina
420 443 530 485 madentia
539 444 603 486 sicco.

105 517 175 572 thue
184 529 320 577 recenserem¹
326 515 421 572 captivos
431 515 506 558 ordine
515 516 594 572 pisces.

107 589 199 644 Insuper
206 589 307 644 exposui,
315 602 370 644 qnos
379 598 418 631 aut
427 588 450 631 in
460 588 513 632 retia
521 604 595 641 casus,

106 662 150 703 Διιι
158 674 198 702 sua
207 659 321 702 credulitas
329 660 353 702 iu
363 661 459 703 aduncos
468 671 541 717 egerat
550 661 634 703 hamos.

105 738 145 778 nes
154 735 230 777 similis
240 735 305 778 ficta!
315 736 352 778 sed
361 735 414 791 quid
424 736 478 778 mihi
488 735 679 792 fingereprodeett

106 809 208 852 Gramine
217 817 316 851 contacto
326 809 389 865 coepit
399 814 447 851 ntea
456 809 528 864 prada
537 809 631 859 moveri,

104 883 131 923 Et
140 890 225 923 mutare
235 880 303 932 latus,
313 891 423 937 terraque,
433 880 489 923 utin
498 894 596 936 aequore,
605 880 653 924 niti.

105 957 205 1009 Dumque
215 967 299 1003 moror,
310 954 421 1010 mirorque
429 953 507 1004 simul,
517 953 573 1010 fugit
582 954 655 996 omnis
667 953 692 997 in
703 955 774 998 undas
827 998 828 1007 ,

106 1026 181 1068 Turba
189 1039 250 1076 suas,
259 1025 418 1080 dominumque
427 1039 522 1076 norum,
533 1025 628 1082 litusque
637 1027 774 1083 relinquunt.

105 1099 224 1155 Obstupui,
233 1099 356 1155 dubiusque
365 1098 414 1149 diu,
423 1112 472 1154 qno
480 1112 556 1151 causa,
566 1099 670 1155 requiro.-

107 1176 167 1217 Num
177 1175 232 1216 Deus
241 1173 283 1215 hoe
292 1171 381 1228 uliquis,
390 1185 446 1235 nuru
455 1185 532 1215 suecos
541 1171 616 1216 fecerit
624 1172 707 1216 herbae
827 1170 828 1237 i

105 1249 158 1303 Quor
167 1256 241 1290 tamen
247 1245 313 1289 has
292 1259 410 1302 ‚inquam
418 1245 474 1287 vires
481 1245 548 1288 habet
557 1244 638 1287 herbar
648 1258 762 1302 manuque
827 1242 828 1301 Ῑ

106 1321 186 1363 Pabula
195 1320 301 1376 decerpsi,
311 1321 454 1375 decerptaque
463 1319 526 1361 dente
535 1318 653 1362 momordi.

106 1396 148 1438 Vir
156 1396 211 1438 bene
220 1393 384 1436 combiberant
378 1404 463 1449 ignotos
472 1402 561 1449 gutture
569 1405 657 1446 succos

105 1471 181 1527 Quum
189 1467 262 1510 subito
272 1466 378 1521 trepidare
387 1467 446 1509 intus
455 1464 572 1522 precordia
578 1465 649 1519 sensi,

105 1542 240 1596 alteriusque
249 1541 296 1596 rapi
303 1550 388 1583 naturae
396 1549 471 1595 pectus
480 1552 562 1582 amore.

105 1617 150 1658 Nec
159 1615 222 1671 potui
232 1623 311 1657 restare
319 1612 367 1655 loco
375 1629 380 1654 :
389 1612 552 1669 Repetendnque
561 1626 679 1668 nunqnam

105 1678 492 1742 Terra‚vnle‚di1i;corpusqdesub
501 1699 588 1741 aequora
597 1686 672 1729 mersi.
827 1682 828 1761 i

106 1764 131 1805 Di
141 1762 206 1804 maris
215 1770 329 1817 exceptum
337 1759 396 1802 socio
404 1758 522 1814 dignantur
529 1758 623 1801 honore:

105 1838 175 1890 thue
184 1833 250 1885 mihi,
259 1846 393 1890 quaecunque
402 1831 483 1882 ieram,
494 1831 593 1874 mortalia
602 1833 704 1884 dement,

105 1913 216 1953 Oceanum
225 1907 350 1964 Tethynque
359 1917 444 1963 rogant.
452 1909 496 1963 Ego
505 1906 585 1949 lustror
593 1907 621 1949 ab
630 1906 686 1950 illis:

104 1986 131 2026 Et
139 1991 246 2038 purgante
254 1979 315 2022 nefas
325 1981 397 2022 norico
406 1980 461 2022 mihi
470 1980 566 2022 carmine
574 1979 644 2031 dicto
827 1956 828 1999 ¹

104 2058 193 2097 Pectora
201 2051 329 2095 numinibus
335 2051 416 2108 jubeor
424 2066 545 2109 supponere
554 2061 651 2099 centurn.

105 2128 150 2167 Nee
159 2137 233 2167 mora:
243 2124 331 2166 diversis
340 2123 393 2179 lapsi
400 2125 427 2166 de
436 2125 533 2181 partibus
543 2138 631 2175 amnes,
827 2150 828 2189 p

103 2199 201 2252 Totaque
210 2205 323 2248 temtatur
332 2210 397 2252 supra
405 2206 472 2253 caput
480 2212 567 2254 aequora
576 2207 685 2242 nostrum
826 2218 828 2361 p
