1667 2584
326 208 428 251 LIBER
445 209 493 251 III.
687 225 729 268 ²99

85 371 720 408 mmmmwmwmmkumwww

275 506 433 588 ELEGI‘A
453 507 541 559 XIII.

84 661 144 704 Eser
152 672 298 715 supervacuus
309 659 375 717 (quid
384 660 444 704 enirn
455 660 497 704 fuit
506 660 559 705 utiIe
568 661 651 720 gignit)

116 733 149 776 Ad
158 746 198 775 sus
207 733 284 776 natalis
294 743 393 789 tempora
401 743 475 778 noster
483 735 549 778 adest

83 810 157 856 Dure,
167 807 220 862 quid
229 807 257 848 ad
267 807 356 850 miseros
366 808 467 851 veniebas
475 809 554 851 exsulis
563 815 644 853 annos?

113 880 222 923 Debueras
232 878 273 922 illis
282 880 411 936 imposuisse
421 882 520 924 modum.

81 954 104 998 Si
115 953 156 998 tibi
165 967 217 997 curs
227 954 281 1002 mei,
291 953 323 996 vel
333 955 350 996 si
360 956 431 1011 pudor
440 955 497 998 ullus
506 956 595 1008 inesset,

112 1031 163 1071 Non
174 1027 231 1070 ultra
240 1029 333 1084 petrium
343 1043 379 1072 me
387 1044 499 1086 sequerere
510 1044 594 1082 meam3

82 1104 177 1161 Quoque
187 1101 235 1144 Ioco
244 1102 341 1158 pritnum
353 1103 391 1146 tibi
401 1118 450 1146 sum
460 1104 518 1147 male
527 1104 626 1161 cognitus
635 1103 717 1155 infans,

114 1175 155 1218 Ilio
165 1186 267 1220 tentasses
277 1176 368 1220 ultimus
377 1191 422 1220 esse
432 1178 493 1220 mihi.

81 1252 177 1305 Jamque
187 1249 326 1305 relinquenda
337 1250 410 1306 (quod
419 1251 477 1293 idem
488 1250 556 1293 fecere
565 1250 661 1309 sodales)

112 1326 147 1367 'Iu
156 1336 243 1379 quoque
252 1323 340 1365 ditisses
350 1323 416 1366 trisus
425 1323 448 1365 in
457 1325 525 1372 Urbe.
535 1324 594 1367 vare.

84 1399 142 1459 Quid
152 1397 191 1441 tibi
201 1411 253 1440 eunt
264 1401 343 1440 Ponto?
352 1411 407 1439 nunt
417 1408 438 1440 te
448 1412 534 1454 quoque
543 1399 630 1443 Cnssrit
640 1400 672 1443 ira

112 1474 235 1516 Extremam
246 1471 310 1527 gelidi
320 1471 378 1515 misit
387 1471 410 1513 in
420 1472 478 1514 orbis
487 1472 594 1515 humum?

80 1547 166 1592 Scilicet
175 1556 283 1603 exspectas
292 1545 349 1589 soliti
359 1547 397 1589 tibi
407 1548 474 1590 moris
484 1548 601 1600 honorem,

111 1624 205 1665 Pendeat
214 1635 239 1664 ex
248 1621 345 1663 humeris
356 1621 417 1664 vestis
427 1632 452 1664 ut
461 1622 509 1664 arua
520 1623 585 1665 meis?

80 1695 175 1740 Fumida
183 1695 283 1752 cingatur
292 1694 420 1737 florentibus
429 1709 466 1736 ara
475 1696 573 1738 coronis?

109 1769 210 1825 Micnque
218 1769 310 1811 solemni
321 1769 374 1812 tun's
384 1770 406 1814 in
415 1769 465 1825 igne
473 1775 547 1812 sonet?

82 1844 178 1899 Libaque
187 1844 238 1885 dent
247 1856 287 1898 pro
296 1856 332 1885 me
341 1842 435 1899 genitale
445 1843 543 1885 notantis
553 1849 650 1898 ternpus?

111 1916 281 1973 Coneipismque
291 1917 359 1959 bonus
369 1930 406 1959 ore
415 1915 500 1959 favente
510 1922 594 1971 preces!

81 1996 132 2039 Non
142 1990 173 2033 ita
181 2003 231 2032 sum
239 1989 322 2045 positus
330 2006 336 2040 ς
345 2003 385 2035 nee
394 1999 447 2032 suut
455 2003 479 2032 ea
489 1998 588 2046 tempora
597 1990 670 2044 nobis,

111 2067 210 2111 Adventu
219 2063 300 2120 possim
309 2063 371 2107 Intus
379 2073 404 2106 ut
412 2077 458 2105 esse
469 2072 513 2105 tuo.

82 2137 172 2185 Funeris
181 2149 218 2178 ars
228 2134 294 2186 mihi,
304 2133 365 2178 ferali
375 2135 447 2178 cincta
456 2147 568 2189 cupresso,

111 2210 228 2262 Convenit,
238 2219 261 2253 et
269 2209 356 2253 structis
365 2207 456 2252 flumina
466 2217 541 2263 perata
550 2207 613 2263 rogis.

529 2317 532 2322 ,
611 2294 647 2323 20.
