1667 2584
128 166 196 216 104v
277 161 608 204 METAMORPHOSEON
683 167 778 218 v.237.

126 252 217 294 Fortiter
226 252 278 303 iste,
288 266 363 295 meum
372 261 415 303 est,
426 253 464 307 qui
473 252 631 308 dantem-terga
641 250 736 297 retraxi.

126 324 220 380 Denique
229 326 256 368 de
265 325 341 368 Danais
350 326 398 380 quis
408 335 429 368 te
437 324 537 367 laudatve
546 325 638 380 petitvel

126 402 152 442 At
161 413 200 442 sua
209 401 300 457 Tydides
310 413 397 443 mecum
407 399 556 442 communicat
565 409 613 442 acta
622 417 627 440 :

127 476 161 515 Me
170 474 259 529 probat,
269 483 290 515 et
298 473 356 515 socio
365 485 451 528 semper
459 472 551 515 confidit
559 472 626 514 Ulixe.

113 553 116 558 “
127 549 163 589 Est
172 546 265 602 aliquid,
274 549 300 589 de
311 558 343 590 tot
352 547 466 590 Graiorum
476 546 584 597 millibus,
594 560 668 590 unum
702 576 709 586 ,

127 622 144 663 A
155 620 255 662 Diomede
264 621 312 677 legi.
321 623 365 663 Nec
375 632 410 663 me
420 634 466 662 sors
475 621 507 664 ire
513 621 619 676 jubebat:

126 694 160 736 Sic
171 703 243 736 tamen
252 705 273 737 et
282 705 353 750 spreto
362 695 474 750 noctisque
483 694 593 749 hostisque
602 694 699 750 periclo,

127 770 210 811 Ausum
220 770 307 820 eadem,
317 784 364 825 quae
374 784 424 819 nos,
434 769 525 826 Phrygia
534 769 560 810 de
569 779 633 824 gente
643 770 733 814 Dolona

126 834 242 892 interimo,
252 855 297 884 non
306 854 356 886 ante
366 852 452 894 tamen,
461 855 528 897 quam
538 851 617 885 cuncta
627 844 689 898 coegi

129 916 230 964 Prodere,
241 925 262 957 et
271 916 358 966 edidici,
368 917 422 971 quid
431 915 511 972 perlida
523 914 588 971 ija
597 926 693 971 pararet.

130 989 208 1032 Omnia
217 1004 345 1045 cognoram
354 1004 404 1040 nec,
414 978 475 1046 quod
481 990 610 1046 specularer,
619 990 737 1034 habebam
746 1009 752 1034 :

129 1065 155 1106 Et
160 1062 209 1119 jam
218 1056 323 1118 promissa
333 1073 431 1119 poteram
440 1077 491 1105 cum
501 1063 565 1105 laude
574 1065 660 1107 reverti.

129 1137 192 1181 fland
201 1145 315 1179 contentus
324 1151 360 1185 ea,
371 1136 423 1192 petii
433 1136 525 1179 tentoria
534 1136 608 1186 Rhesi,

129 1213 197 1267 Inque
206 1210 250 1255 suis
259 1211 331 1266 ipsum
341 1210 415 1255 castris
425 1211 557 1265 comitesque
566 1210 663 1266 peremi:

129 1288 199 1341 Atque
208 1285 239 1328 ita
247 1286 331 1341 captivo
340 1286 415 1337 victor,
424 1284 520 1340 votisque
530 1285 623 1341 potitus,

129 1359 241 1413 ingredior
250 1371 315 1401 curru
325 1357 383 1400 lectos
393 1358 493 1402 imitante
503 1358 633 1413 triumphos.

130 1434 197 1490 Cujus
207 1446 273 1487 equos
282 1433 377 1488 pretium
386 1446 426 1489 pro
434 1441 498 1474 nocte
507 1441 635 1488 poposcerat
643 1432 722 1475 hostis.

129 1511 195 1551 Arma
203 1516 279 1561 negate
288 1505 342 1547 mihi
351 1522 356 1547 :
366 1505 475 1561 fueritque
485 1504 598 1560 benignior
606 1504 666 1560 Ajax.

161 1579 235 1637 «Quid
244 1578 300 1635 Lycii
310 1577 403 1621 referam
412 1578 539 1634 Sarpedonis
546 1578 637 1633 ,agmina
646 1577 708 1622 ferro

131 1658 243 1698 Decastata
252 1659 314 1697 meo?
324 1667 375 1696 cum
386 1653 456 1696 multo
465 1651 569 1708 sanguine
578 1651 627 1694 fudi

130 1730 247 1779 Coeranon,
256 1727 385 1784 Hippasiden
393 1737 427 1778 et,
436 1725 586 1781 Alastoraque,
595 1725 788 1785 Chromiumque,

131 1801 316 1857 Alcandrumque,
324 1800 453 1855 Haliumque
459 1832 465 1851 ,
472 1801 640 1861 Noemonaque,
647 1800 808 1857 Prytaninque.

131 1875 243 1930 Exitioque
252 1875 300 1917 dedi
310 1889 361 1918 cum
371 1875 546 1920 Chersidamante
555 1874 657 1924 Thoona,

132 1952 158 1992 Et
166 1949 289 2003 Gharopen,
296 1930 391 2004 latisque
399 1948 522 1992 immitibus
531 1950 647 1990 Ennomon
657 1957 749 2002 nctum3

97 2030 99 2035 ’
133 2022 217 2077 Quique
227 2021 300 2062 minus
309 2020 402 2064 celebres
411 2033 486 2064 nostra
493 2022 535 2063 sub
544 2020 654 2063 moeuibus
663 2022 727 2065 urbis

133 2095 268 2137 Procubuere
277 2108 352 2137 mann.
363 2096 417 2138 Sunt
426 2106 448 2139 et
457 2095 510 2138 mihi
519 2095 620 2146 vulnera,
630 2095 701 2148 ciros,

133 2167 182 2220 Ipso
191 2167 282 2223 pulchra
290 2168 351 2212 loco:
361 2182 401 2213 nec
410 2171 470 2214 ranis
479 2171 559 2214 credite
567 2169 645 2213 verbis.
