1667 2584
121 182 150 233 aa
272 179 603 230 haatuonraosron
639 192 771 243 ,asom

119 278 165 321 Flet
174 287 258 328 tamen,
268 287 290 320 et
299 278 374 333 tepidae
384 287 476 321 manant
484 291 509 320 ex
519 278 596 319 arbore
604 286 677 333 guttae.

118 354 154 395 Est
163 352 234 394 honor
242 361 264 394 et
273 351 383 408 lacrymis;
393 350 516 407 stillataque
525 350 604 393 cortice
613 350 703 407 Myrrha

119 428 205 468 Nomen
215 423 281 466 herile
291 433 359 476 tenet,
369 423 467 480 nullique
477 424 583 466 tacebitur
592 437 644 466 aro.

147 575 175 615 X.
186 590 197 612 ιι
205 574 235 615 ha
244 572 301 615 male
310 581 427 628 conceptus
436 573 477 614 snb
486 572 564 615 robore
574 581 669 615 creverat
677 571 775 628 infans,

118 642 273 704 Querebatque
282 647 350 697 viam,
361 661 404 702 qua
414 661 448 698 se,
457 646 558 702 genitrice
568 645 652 697 relicta,

118 724 239 764 Exsereret:
250 721 320 763 media
330 720 430 776 gravidus
440 730 510 763 tumet
519 720 595 762 arbore
604 729 685 762 venter.

119 793 197 835 Tendit
206 806 261 834 onus
271 802 362 835 matrem
372 808 377 833 :
387 806 427 833 nec
437 791 518 834 habent
527 806 567 834 sua
575 793 640 835 rerba
650 791 755 847 dolorcs3

117 867 162 908 Nec
172 864 252 907 Lucina
260 868 331 919 po'test
340 864 442 919 parientis
451 878 502 906 voce
512 864 590 906 vocari.

117 938 200 981 Nitenti
211 947 283 980 tamen
293 947 324 978 est
333 936 420 987 similis,
430 947 560 993 curvataque
570 938 656 980 crebros

117 1015 158 1056 Dat
167 1012 259 1067 gemitus
269 1013 344 1061 arbor,
354 1011 496 1069 lacrymisque
506 1013 633 1054 cadentibus
642 1012 732 1057 humet

117 1084 218 1128 Constitit
226 1085 254 1127 ad
263 1098 335 1127 ramos
345 1084 403 1126 mitis
414 1084 492 1127 Lucina
502 1084 609 1135 dolentes,

117 1159 260 1214 admovitque
270 1173 359 1209 manus,
368 1168 390 1202 et
399 1159 463 1200 rerba
472 1173 577 1215 puerpera
587 1159 647 1201 dixit.

118 1234 187 1276 hrbor
196 1233 239 1289 agit
249 1233 326 1282 rimas,
336 1243 357 1275 et
367 1233 416 1276 fissa
425 1234 504 1276 cortice
513 1233 588 1276 rivum

117 1307 193 1350 Reddit
202 1321 269 1359 onus,
278 1308 377 1362 vagitque
386 1321 452 1363 puer,
461 1321 527 1362 quem
537 1306 640 1349 mollibus
649 1307 729 1352 herbis
780 1332 783 1337 ,

119 1379 199 1422 Naides
210 1379 336 1435 impositum
345 1379 446 1436 lacrymis
457 1393 535 1421 unxere
545 1379 645 1435 parentis.

118 1453 224 1496 Laudaret
233 1452 311 1495 laciem
320 1453 382 1495 Livor
391 1467 484 1509 quoque.
494 1453 570 1508 Qualia
580 1466 677 1507 namque

92 1512 93 1516 Ἰ
117 1528 213 1582 Corpora
223 1526 333 1568 nudorum
343 1526 418 1569 tabula
427 1526 547 1582 pinguntur
556 1529 675 1578 Amorum,

118 1600 175 1644 Talis
185 1609 243 1643 erat:
253 1601 300 1651 sed,
311 1614 337 1642 ne
347 1600 411 1644 faciat
420 1600 544 1643 discrimina
552 1600 635 1654 cultus,

118 1676 162 1717 Aut
170 1674 221 1715 huic
231 1674 285 1716 adde
294 1672 360 1723 leves.
370 1683 408 1717 aut
416 1673 458 1716 illis
467 1674 530 1715 deme
539 1673 658 1729 pharetras.

118 1739 208 1789 labitur
217 1747 310 1797 occulte,
320 1746 417 1803 fallitque
427 1746 517 1789 volatilis
526 1757 588 1797 aetns;

119 1823 147 1863 Et
154 1819 209 1861 nihil
218 1829 250 1863 est
258 1820 320 1862 annis
330 1820 430 1862 velocius.
440 1818 477 1861 Ille
486 1833 559 1861 sorore

119 1895 201 1942 Natus,
212 1905 295 1947 avoque
303 1906 354 1943 suo,
364 1894 401 1949 qni
410 1892 510 1935 conditus
519 1892 596 1934 arbore
604 1905 687 1947 nuper,

119 1968 195 2021 Nuper
204 1974 250 2007 erat
259 1965 353 2020 genitum
364 1966 430 2007 modo
440 1964 609 2007 formosissimus
618 1963 705 2017 inflans3

120 2041 169 2081 lam
175 2038 273 2096 juvenis,
279 2038 328 2094 jam
337 2039 379 2088 vir.
386 2037 436 2092 jam
445 2053 467 2081 se
477 2038 593 2081 formosior
602 2039 649 2093 ipso
660 2050 705 2083 est:

120 2113 168 2154 lam
178 2111 248 2167 placet
257 2121 278 2153 et
286 2111 375 2163 Veneri,
386 2111 504 2168 matrisque
513 2112 624 2155 ulciscitur
632 2113 702 2167 ignes.

121 2182 220 2239 Namque
230 2184 366 2240 pharetratus
376 2184 430 2229 dum
440 2185 477 2230 dat
485 2198 540 2241 puer
548 2184 622 2230 oscula
630 2186 711 2241 matri,
