1667 2584
116 188 155 228 182
266 182 597 226 uutuuourflosuou
672 186 758 240 wado.

112 274 210 317 Leucada
218 275 347 316 continuam
356 281 437 315 veteres
446 272 542 313 habuere
550 271 622 314 coioni
630 287 635 313 :

112 350 177 390 Nunc
187 347 243 389 freta
251 348 371 389 circueunt.
380 345 458 388 Zancle
467 359 554 401 quoque
561 345 640 400 juncta
649 346 719 391 fuisse

112 421 194 475 Dicitur
201 419 280 462 Italite:
290 420 359 461 donec
368 417 463 461 confinia
471 428 552 473 pontus

112 494 217 546 Abstulit,
226 503 248 537 et
257 494 329 536 media
337 492 436 535 tellurem
447 492 528 548 reputit
535 493 600 535 unda.

112 568 134 611 Si
143 582 225 624 quaeras
235 567 319 610 Helicen
329 578 351 609 et
359 567 436 616 Burin,
446 565 551 608 Achaidas
560 567 637 617 urbes,

112 642 208 684 Invenies
217 643 258 684 sub
266 641 337 696 aquis;
348 649 370 681 et
379 640 450 681 adbuc
459 639 570 680 ostendere
579 648 653 681 nautae

113 714 218 757 Inclinant
226 714 297 757 soient
305 726 358 755 cum
367 712 476 755 menibus
485 711 565 768 oppida
574 712 659 754 mersis.

142 863 168 902 V.
179 879 190 901 tt
197 863 237 903 Esr
245 874 313 917 prope
321 859 427 903 Pittheam
438 859 536 902 tumulus
545 861 659 912 Troezena,
669 862 719 904 siue
729 862 779 905 ullis

113 936 197 979 Arduus
207 935 331 980 arboribus.
341 934 453 989 quondam
463 933 587 989 planissima
596 935 672 990 campi

113 1013 179 1059 Area,
188 1023 247 1052 nunc
259 1007 369 1051 tumulus:
380 1021 443 1056 uam,
454 1021 487 1049 res
496 1007 603 1049 horrenda
614 1007 699 1051 relatu!

114 1082 151 1123 Vis
161 1081 207 1123 fera
216 1091 342 1129 ventorum,
352 1081 412 1121 cecis
422 1079 506 1121 inclusa
515 1079 621 1129 cavernis,

113 1155 223 1209 Exspirare
232 1153 304 1208 aliqua
313 1153 413 1207 cupiens,
424 1151 546 1207 luctataque
556 1151 639 1194 frustra

113 1228 220 1269 Liberiora
230 1227 273 1269 frui
282 1227 347 1277 cteio,
356 1239 427 1280 quum
436 1238 520 1267 carcere
529 1225 586 1266 rimu
641 1275 644 1282 Ι

114 1300 180 1342 Nulla
189 1299 245 1342 foret
255 1309 312 1347 toto.
322 1311 361 1340 nec
370 1297 443 1354 pervia
452 1296 540 1339 daubus
549 1306 615 1348 esset,
626 1282 640 1297 '⁵

114 1377 227 1417 Extentam
238 1370 349 1415 tumefecit
359 1372 454 1413 humum
463 1387 468 1419 ς
478 1384 519 1413 ceu
527 1370 615 1426 spiritus
625 1372 670 1419 oris

114 1448 210 1490 Tendere
219 1446 311 1487 vesicam
321 1444 389 1493 solet,
398 1453 437 1486 aut
446 1443 529 1499 direpta
538 1443 622 1485 bicorni

114 1525 183 1577 Terga
191 1533 256 1575 capro
267 1536 272 1561 :
282 1530 357 1562 tumor
366 1518 402 1560 itte
411 1518 452 1560 ioci
462 1518 592 1574 permansit;
600 1528 623 1562 et
632 1518 672 1563 alti

114 1596 178 1639 Collis
187 1596 253 1637 habet
261 1593 365 1649 speciem.
376 1592 483 1648 longoque
493 1593 591 1635 induruit
599 1606 654 1635 evo.

144 1669 257 1711 «Plurima
265 1681 336 1723 quum
345 1667 448 1715 subeant,
458 1666 532 1709 auditu
541 1676 579 1708 aut
588 1667 678 1723 cognita
688 1670 761 1721 voum

113 1747 184 1787 Pauca
193 1756 257 1797 super
267 1740 365 1782 referam.
377 1739 447 1796 Quidt
456 1752 502 1781 non
510 1750 532 1782 et
541 1738 630 1796 lympha
641 1741 726 1797 figuras

113 1817 196 1869 Datque
205 1813 305 1868 capitque
314 1817 393 1853 novas?
402 1811 474 1853 medio
484 1821 532 1861 tua,
542 1811 641 1867 corniger
651 1818 759 1866 Ammon,

113 1887 176 1930 Unda
184 1887 219 1927 die
228 1884 297 1940 gelida
306 1893 350 1933 est,
360 1894 453 1938 ortuque
463 1883 568 1939 obituque
578 1882 674 1928 calescit.

114 1957 212 2000 Admotis
220 1955 356 1998 Athamantis
366 1956 428 2010 aquis
437 1957 552 2000 accendere
561 1954 648 2011 lignum

114 2033 227 2080 Narratur,
238 2030 341 2070 minimos
349 2042 420 2084 quum
430 2032 490 2073 Luna
499 2029 584 2072 recessit
593 2029 617 2072 itt
625 2032 700 2075 orbes.

114 2104 206 2145 Flumen
215 2103 296 2145 habeut
304 2104 404 2155 Cicones,
413 2105 473 2158 quod
482 2115 560 2160 potum
569 2118 632 2147 saxea
641 2107 716 2151 reddit

116 2174 217 2226 Viscera
224 2176 284 2231 quad
293 2176 354 2219 tactis
362 2176 448 2221 inducit
456 2191 568 2221 marmora
577 2178 650 2221 rebus.
