1667 2584
71 229 93 258 v.
106 220 156 272 474.
319 221 420 262 ntusslt
438 222 469 263 11.
671 224 714 276 ¹⁵⁹

102 306 201 363 Fingere,
210 307 327 350 damnosos
337 306 455 365 effugiasve
463 322 533 352 cenes.

71 382 160 423 Tessera
169 390 224 436 quot
232 394 336 424 numeros
344 382 437 426 habeat:
447 382 540 425 distnme
549 392 625 426 roceto

101 453 185 498 mttere
194 468 239 509 quo
248 455 333 507 deceat,
342 470 386 511 quo
394 456 447 498 dere
456 456 522 498 missa
531 456 603 498 modo.

68 527 167 571 Discolor
175 537 202 571 ut
211 537 270 571 recto
278 539 386 586 grassetur
394 530 464 572 limite
474 529 546 579 miles,

101 604 177 660 Quum
187 602 272 646 medius
282 605 369 659 gemino
378 603 475 646 calculum
484 604 546 646 hoste
555 602 617 659 perit.

69 678 98 719 Ut
108 689 172 733 mage
181 675 234 718 velie
242 678 303 733 sequi
311 678 408 730 scietfet
417 692 517 721 revocare
526 676 633 734 priorem

99 752 136 793 Ne
145 758 193 792 tuto
202 749 287 806 fugiens
296 750 438 795 incomitatus
446 762 487 794 eet.

68 829 138 868 Parva
147 826 207 882 sedet
216 825 281 868 ternis
290 826 396 878 instrucre
404 826 484 869 tabella
492 824 582 882 lapillis3

99 902 126 942 ln
135 913 179 956 qua
188 899 262 941 vicisse
271 909 314 950 est,
323 900 461 943 continuasse
469 914 527 943 suos.

68 972 157 1030 Quique
166 970 203 1014 aiii
212 970 273 1013 lusus
282 971 435 1028 (nequeenim
444 986 503 1016 nunc
513 984 629 1029 persequer
638 968 727 1025 omues)

98 1046 191 1094 Perdere
199 1058 246 1086 rem
254 1058 340 1097 cerum,
350 1055 448 1102 tempora
457 1057 542 1098 nostra,
552 1045 628 1089 solent

68 1121 123 1162 Ecce
132 1117 191 1160 cauit
201 1115 283 1159 formas
292 1117 346 1161 alius
352 1117 469 1176 jectusque
478 1119 580 1177 pilarum.

97 1193 136 1236 nie
146 1204 216 1235 urtem
226 1192 279 1235 disci
287 1194 395 1249 precipis,
403 1194 440 1236 ilie
450 1195 525 1237 trochi.

66 1267 195 1325 Composita
205 1277 236 1311 est
245 1267 292 1310 aliis
300 1267 390 1310 incendi
399 1282 452 1311 cura
461 1268 552 1311 coloris:

99 1343 137 1385 Hic
147 1339 217 1397 epulis
225 1340 281 1396 leges
290 1340 427 1397 hospitioqfflt
436 1341 502 1384 dedit.

67 1417 128 1461 Alter
138 1417 246 1467 humum,
255 1415 334 1472 deque
344 1415 554 1473 finpautnrpoculs‚
564 1424 683 1459 monstret:

97 1494 194 1551 Quaque
203 1489 266 1532 docet
275 1488 357 1546 liquido
367 1499 421 1533 testa
429 1490 457 1533 sit
466 1501 517 1546 apta
526 1504 595 1533 mero.

67 1564 129 1608 Talia
140 1561 222 1605 inmosi
232 1563 339 1605 luduntur
347 1576 422 1606 mense
430 1564 565 1619 decembris3

98 1641 152 1697 Qum
161 1638 243 1680 damno
252 1637 307 1681 nelli
316 1638 463 1694 composuisse
472 1638 522 1681 tuit.

66 1716 104 1759 llis
114 1726 155 1770 ego
164 1712 266 1768 deceptus
275 1726 319 1754 non
330 1711 398 1755 tristia
407 1712 505 1753 carmine
515 1710 566 1759 feci:

96 1788 139 1831 Sed
149 1784 215 1829 tristis
223 1794 309 1828 nostros
318 1799 382 1841 poene
390 1794 464 1828 secute
470 1786 539 1840 jocos.

66 1863 166 1918 Denique
174 1872 215 1902 nec
224 1860 286 1902 rideo
294 1861 321 1902 de
331 1869 362 1903 tot
371 1860 516 1903 scribentibus
526 1873 608 1909 unum,

96 1938 169 1995 Quem
178 1947 217 1976 sue
226 1934 343 1990 perdiderit
352 1936 425 1977 Musa:
436 1944 533 1990 repertus
541 1948 588 1990 epo.

67 2013 139 2071 Quid!
148 2009 166 2052 si
176 2009 307 2065 scripsissem
317 2009 409 2061 mimos,
419 2010 511 2052 obscena
517 2008 626 2066 jocantes,

96 2084 140 2145 Qui
149 2095 235 2139 semper
243 2083 302 2126 vetiti
311 2083 395 2127 crimen
404 2084 486 2126 amoris
494 2084 587 2128 hubent?

66 2165 91 2206 in
101 2160 183 2217 quibus
192 2158 277 2201 assidue
286 2155 358 2202 cultus
367 2160 464 2216 proedit
472 2159 567 2212 adniter3

98 2234 214 2289 Verbaque
223 2234 261 2277 det
270 2233 337 2277 stulto
346 2233 424 2277 callide
432 2244 502 2292 nupta
510 2234 563 2277 viro.
