1667 2584
132 224 173 277 ²4²
364 223 539 288 tatsttupt
708 238 730 266 v.
743 236 777 265 n.

159 315 254 357 Exorant
263 327 354 371 magnos
363 314 462 357 earmina
469 328 524 371 saepe
534 316 594 356 Deos.

125 387 177 443 'lpse
185 401 272 444 quoque
281 388 385 431 Ausonias
394 389 464 431 Caesar
473 397 597 445 matresque
607 401 723 444 nuncque

159 463 262 506 Carmina
269 463 378 519 turrigerae
387 463 458 507 dicere
465 463 531 519 jussit
540 464 586 520 Opi.

130 535 226 578 iusserat
235 545 257 578 et
265 536 345 578 Phoebo
353 535 406 586 dici3
417 549 462 590 quo
471 546 569 592 tempore
578 534 645 579 ludos

159 609 231 660 Fecit,
240 623 295 666 quos
303 620 353 653 aetas
363 610 455 666 adspicit
463 621 509 653 una
518 609 592 652 semei.

130 682 166 724 iiis
174 696 251 739 precor
259 682 362 739 exemplis
371 693 410 726 tua
417 696 490 733 nuuc,
500 683 615 726 mitissime
623 686 703 734 Cesar,

160 755 207 798 Fiat
216 757 244 798 ab
253 755 340 812 ingenio
348 754 437 798 mollior
445 755 477 798 ira
487 769 544 798 meo.

130 827 170 871 lila
179 829 267 885 quidem
274 829 335 886 justa
344 839 386 880 est,
396 843 436 873 nec
446 841 482 872 me
491 829 596 876 meruisse
604 831 704 886 negabo:

160 905 213 950 Mt
220 905 274 946 adeo
282 913 357 947 nostro
366 903 424 960 fugit
432 904 461 947 ab
471 918 508 946 ore
517 904 594 960 pudor.

131 978 183 1027 Sed,
192 977 233 1019 uisi
242 991 375 1033 peccassem.
384 976 439 1032 quid
448 987 473 1020 tu
482 977 598 1020 concedere
607 984 696 1033 posses?

159 1050 271 1093 Materiam
281 1050 348 1096 venite
357 1063 403 1092 sors
413 1050 453 1093 tibi
464 1061 538 1093 nostra
547 1050 614 1093 dedit.

130 1124 161 1175 si,
171 1124 255 1179 quoties
264 1123 364 1166 homines
371 1133 473 1179 peccant,
482 1137 522 1166 sua
531 1122 626 1166 fulmina
636 1124 714 1168 mittat

157 1198 247 1253 Jupiter,
256 1197 333 1253 exiguo
342 1206 441 1253 tempore
449 1197 540 1239 inermis
549 1196 596 1239 erit.

129 1270 166 1312 Hic
176 1269 215 1311 ubi
224 1269 335 1320 detonuit,
345 1268 480 1325 strepituque
489 1268 594 1312 exterruit
602 1269 694 1322 orbem,

158 1346 241 1385 Purum
250 1343 350 1385 discussis
359 1356 410 1385 aera
420 1342 491 1386 reddit
500 1342 568 1399 aquis.

126 1419 138 1459 J
141 1430 179 1460 ure
188 1417 255 1472 igitur
263 1416 390 1472 genitorque
399 1418 468 1468 Deum
479 1426 591 1471 rectorque
599 1425 706 1461 vocatur:

158 1495 209 1535 Jure
218 1505 286 1547 capax
295 1492 392 1534 muudus
400 1491 432 1533 nii
440 1494 492 1534 Jove
499 1490 571 1548 majus
580 1491 655 1535 hahet.

129 1571 163 1612 Tu
172 1581 270 1624 quoque,
279 1579 350 1621 quum
359 1567 434 1609 Patria
444 1576 515 1609 rector
523 1566 593 1609 dicare
602 1568 720 1623 Paterque,

158 1643 221 1683 Utere
230 1653 291 1681 more
300 1638 337 1681 Dei
347 1652 429 1681 nomen
438 1638 537 1682 habentis
546 1638 611 1681 idem.

128 1714 195 1769 quue
205 1711 268 1754 facis:
278 1724 317 1753 nec
328 1720 348 1753 te
357 1711 474 1767 quisquam
484 1710 617 1754 moderatius
626 1724 729 1768 unquam

157 1784 245 1841 Imperii
254 1784 326 1841 potuit
335 1783 396 1827 irena
406 1793 478 1828 tenere
487 1784 528 1826 sui.

127 1863 161 1905 Tu
168 1859 254 1903 veniam
263 1858 320 1914 parti
329 1867 434 1914 superatae
443 1872 499 1914 sepe
507 1857 596 1909 dedisti,

157 1934 207 1975 Nou
216 1943 357 1972 concessurus
366 1943 434 1986 quam
443 1929 483 1973 tibi
492 1929 562 1973 victor
569 1939 623 1972 erat.

127 2004 210 2048 Divitiis
219 2003 285 2046 etiam
295 2002 375 2046 multos
384 2011 406 2046 et
413 2003 534 2050 honoribus
543 2012 618 2046 auctos

158 2076 220 2127 vidi,
229 2075 268 2131 qui
278 2074 373 2118 tulerant
380 2075 404 2117 in
413 2086 480 2133 caput
489 2089 554 2119 arma
560 2086 635 2127 tuum;

127 2151 222 2210 Quaeque
231 2148 275 2191 dies
284 2148 377 2201 bellum,
387 2149 438 2192 belii
447 2150 487 2193 tibi
495 2149 583 2194 sustulit
591 2150 662 2192 iram:

156 2226 248 2277 Parsque
257 2221 324 2265 simul
333 2222 419 2280 templis
429 2233 521 2281 utraque
530 2225 588 2266 dona
596 2221 654 2267 tulit.
