1667 2584
113 225 140 281 qe
263 222 593 266 urrruoernoseou
681 223 754 274 mu.

112 310 239 367 servavique
247 311 344 354 animam
352 310 362 367 (
367 310 485 353 minimum
494 320 526 352 est
532 310 574 352 hoe
581 308 666 365 laudis)
676 308 783 352 inertem.

114 384 134 426 Si
144 394 225 439 perstas
234 394 325 436 certare,
334 383 408 427 locum
418 385 531 426 redeamus
539 384 563 425 in
571 382 634 425 illum
643 398 648 424 ι

113 459 288 511 Reddendum,
298 459 420 514 vulnusque
431 467 506 509 tuum,
515 458 648 512 solitumque
660 457 782 510 timorem

114 534 164 575 Post
173 532 316 591 clypeumque
325 532 378 583 late,
389 542 411 575 et
420 546 508 575 mecum
517 532 622 575 contende
630 532 673 574 sub
682 531 729 573 illo.

112 608 140 649 lt
148 617 263 663 postquam
273 607 352 664 eripui;
362 607 397 650 cui
406 607 477 648 smodi
486 606 575 649 vulnere
583 606 638 648 vires

113 680 164 721 Non
173 680 287 729 dederant,
297 679 359 722 nullo
369 679 465 722 tardatus
474 679 562 721 vulnere
572 679 634 734 fugit.

112 751 190 793 lleetor
199 753 268 802 adest,
277 764 394 806 secumque
404 753 457 793 Deos
468 752 490 792 in
500 750 653 807 praeliaduci13

112 825 203 882 Quaque
212 825 266 875 ruit.
276 839 320 868 non
331 835 356 869 tu
366 835 453 868 tantum
462 826 558 874 terreris,
568 824 640 881 Ulixe,-

112 898 153 940 Sed
163 898 228 941 fortes
237 898 315 942 etiam:
326 907 413 941 tantum
424 897 490 940 trahit
500 897 535 939 ille
545 897 637 939 timoris.

112 972 174 1013 llunc
183 984 222 1026 eqo
231 970 353 1026 sanguinea
361 984 462 1013 successu
471 970 534 1012 caedis
543 980 645 1012 ovantem

112 1043 216 1085 Cominus
226 1043 306 1099 ingenti
317 1043 444 1099 resupinum
453 1043 548 1098 pondere
557 1042 612 1084 rudi.

113 1116 175 1158 llunc
184 1129 223 1171 ego
231 1125 370 1171 poscentem„
379 1128 432 1157 eum
441 1129 484 1169 quo
493 1124 644 1167 concurreret,
654 1128 713 1158 unus

112 1188 220 1239 Sustinui3
230 1199 354 1244 sortemque
363 1202 436 1231 meam
446 1188 543 1237 vovistis.
553 1187 639 1230 achivi:

112 1263 138 1304 Et
147 1271 220 1305 vestrae
229 1262 314 1305 valuere
323 1275 403 1318 preces.
412 1262 433 1304 Si
444 1261 539 1316 queritis
548 1260 616 1317 hujus

112 1335 232 1378 Fortunam
241 1349 330 1391 pugnae,
339 1349 384 1378 non
393 1349 443 1377 sum
453 1344 566 1390 superatus
575 1336 604 1376 ab
613 1334 659 1376 illo.

142 1426 154 1448 «
160 1410 212 1452 Eece
221 1408 294 1452 lerunt
303 1411 367 1452 Troes
377 1409 513 1464 ferrumque,
523 1409 649 1465 ignemque,
657 1410 783 1467 lovemque

111 1482 136 1523 ln
146 1483 228 1524 Danaae
237 1481 312 1524 classes
320 1498 325 1523 :
336 1482 374 1524 ubi
383 1495 442 1524 nunc
451 1480 558 1523 facundus
568 1480 649 1523 Ulixes!

113 1556 197 1610 Nempe
206 1568 245 1610 ego
254 1554 314 1596 mille
323 1567 372 1596 meo
382 1553 464 1609 proteri
473 1562 559 1609 pectore
568 1567 663 1609 puppes,
695 1548 706 1561 ⁸

114 1630 179 1684 Spem
188 1628 251 1672 vestri
261 1629 349 1671 reditus.
358 1630 410 1671 Dete
420 1636 453 1670 tot
463 1641 503 1684 pro
512 1627 603 1669 navibus
611 1641 682 1671 arma.

114 1702 177 1757 Quod
187 1702 204 1743 ei
216 1715 264 1745 vera
274 1701 323 1744 lieet
332 1700 387 1743 mihi
394 1701 476 1752 dicem
486 1700 589 1754 quaeritur
597 1699 656 1751 istis,

112 1775 183 1830 Quam
191 1774 253 1825 mihi,
259 1773 329 1829 major
336 1772 582 1829 honoszconjuucteque
587 1771 655 1827 gloria
660 1782 737 1817 nostra
742 1784 783 1826 eet,

112 1848 182 1902 atque
190 1846 242 1902 Ajax
251 1847 328 1897 ermis,
338 1860 382 1890 nou
392 1847 452 1902 Ajaci
461 1860 522 1889 arma
532 1856 643 1901 petuntur.

111 1919 214 1962 Conferat
223 1919 256 1960 hie
265 1919 350 1961 Ithacus
361 1920 468 1966 Rhesum.
478 1919 631 1974 imbellemque
642 1921 740 1975 Dolona,

112 1991 276 2044 Priamidenque
285 1990 389 2032 Helenum
399 2003 461 2046 rapta
469 2005 521 2034 cum
530 1990 616 2033 Pallade
624 2004 723 2049 ceptum.

113 2065 169 2108 Luce
178 2062 231 2104 nihil
243 2071 339 2117 gestum,
348 2061 402 2103 nihil
411 2073 444 2105 est
452 2064 554 2107 nionude
564 2074 656 2107 remoto.

113 2135 134 2175 Si
144 2134 210 2176 semel
219 2134 260 2177 istd
268 2135 323 2177 detis
333 2135 414 2177 meritis
424 2144 469 2189 tam
479 2137 557 2179 vilibus
564 2150 639 2188 arma.

112 2206 213 2258 Dividite,
223 2216 245 2249 et
254 2206 324 2262 major
332 2219 381 2262 pare
391 2208 419 2250 eit
427 2208 535 2253 lliomedie
544 2210 567 2253 iu
575 2208 625 2255 illis.
