1667 2584
59 235 61 237 ,
134 175 172 229 ¹9⁸
282 164 613 216 uraauoueuosuoti
687 174 780 228 „m

128 262 251 314 Liternum,
261 262 397 319 multamque
407 262 494 305 trahens
503 263 545 304 suli
554 262 639 318 gurgite
649 276 745 306 arenam

129 335 262 387 Vulturnus,
272 328 381 392 niveisque
391 336 493 392 frequens
502 336 562 378 Sinui
568 349 600 378 ssa
610 335 737 386 columbis,

127 408 286 464 Minturnaeque
295 422 379 464 graves,
389 418 411 450 et
420 422 487 464 quam
498 407 615 450 tumulavit
624 407 747 458 alumnus,

127 480 290 536 Antiphataeque
299 481 388 530 domus,
398 481 534 535 Trachasque
543 481 631 522 obsessa
638 479 735 536 palude,

128 555 154 595 Et
164 552 226 596 tellus
235 554 324 604 Circen,
334 564 356 597 et
364 553 425 610 spissi
435 554 504 597 litoris
512 553 610 597 Antium.

129 629 174 669 fluc
184 627 222 669 ubi
232 627 342 670 veliferam
352 637 425 670 nauta
433 627 544 670 advertere
551 627 651 669 carinam

128 698 208 755 (Asper
216 700 275 741 enim
281 699 330 756 jam
340 710 421 755 pentus
430 698 501 755 erat),
510 701 566 741 Deus
575 699 670 755 explieat
679 701 758 751 orbes,
832 700 833 715 ¹

126 776 207 828 Perque
216 774 276 817 sinus
285 775 372 816 crebros
381 783 403 816 et
412 787 490 830 maqna
501 773 612 816 volumina
621 774 712 827 labens,

128 846 216 902 Templa
226 847 321 902 parentis
329 847 381 898 init,
392 847 473 889 flavum
484 847 594 902 tangentia
603 846 663 889 litus.

127 924 217 975 AEquore
225 929 302 976 pacato
311 920 391 976 patrias
400 919 528 975 Epidaurius
536 932 584 962 aras

126 993 223 1048 Linquit,
233 1002 255 1034 et
263 993 356 1048 hospitio
363 991 435 1047 juncti
445 991 486 1034 sibi
496 992 593 1034 numinis
603 1005 669 1043 usus,

128 1068 235 1110 Litoream
244 1076 315 1110 tractu
324 1079 420 1121 squamae
429 1065 553 1121 crepitantis
563 1078 654 1108 arenam

126 1140 209 1191 talcar,
219 1150 251 1190 et,
260 1140 347 1181 innixus
356 1139 504 1181 moderamine
513 1139 585 1188 navis,
594 1138 617 1180 in
628 1137 672 1181 alta
691 1156 700 1171 ·
710 1177 714 1185 .
751 1128 771 1173 ὓ
832 1194 833 1211 ¹

127 1217 198 1270 Puppe
208 1222 274 1268 caput
282 1212 367 1268 posuit:
377 1214 446 1254 donec
454 1213 611 1266 Castrumque,
620 1225 740 1269 sacrasque

126 1287 201 1330 Lavini
208 1287 278 1336 sedes,
288 1286 431 1340 Tiberinaque
440 1286 468 1328 ad
476 1285 531 1328 ostia
541 1283 605 1327 venit.

127 1364 172 1404 Huc
182 1375 258 1404 omnes
266 1361 340 1417 pupuli
349 1361 440 1417 passim,
451 1370 592 1414 mutuamque
601 1370 737 1418 patrumque

126 1436 192 1479 Obvia
203 1437 266 1478 turba
275 1436 330 1488 ruit,
340 1450 431 1491 quaeque
440 1436 509 1492 ignes,
518 1436 606 1486 Troica,
615 1448 717 1488 servant.

126 1515 201 1562 Vesta,
212 1521 271 1562 tuos,
282 1510 373 1566 laeteque
382 1512 451 1552 Deum
460 1511 555 1553 clamore
564 1510 668 1553 salutant.

125 1587 263 1643 Quaqueper
271 1572 370 1626 adversas
379 1582 440 1625 navis
449 1582 492 1625 cita
501 1581 590 1625 ducitur
599 1583 682 1635 undas,

124 1660 182 1702 Tura
190 1671 256 1714 super
264 1657 331 1713 ripas,
342 1656 384 1699 aris
393 1671 418 1698 ex
428 1656 503 1698 ordine
513 1655 586 1706 iactis,

124 1736 186 1776 Parte
195 1733 224 1774 ab
233 1743 325 1788 utraque
333 1741 424 1781 sonant,
433 1740 455 1774 et
464 1731 557 1772 odorant
565 1744 616 1773 aera
625 1729 709 1783 tumis,

124 1813 211 1864 ictaque
220 1808 329 1863 conjectos
338 1805 447 1849 incalfacit
454 1805 524 1848 hostia
534 1804 622 1847 cultros.

124 1887 215 1939 lamque
224 1892 290 1938 caput
299 1895 383 1931 rerum,
392 1883 513 1923 Romanam
524 1879 641 1923 intraverat
650 1881 741 1932 urhem;

124 1957 218 2013 Erigitur
227 1969 324 2011 serpens,
334 1967 465 2009 summoque
474 1952 566 1995 adelinia
576 1952 635 1994 malo

123 2028 182 2072 Colla
192 2039 275 2079 moret,
284 2029 387 2084 sedesque
396 2027 437 2069 sibi
446 2026 592 2082 circumspicit
601 2035 670 2081 uptus.

125 2102 233 2144 Scinditur
242 2103 264 2143 iu
274 2103 370 2158 geminas
380 2110 451 2157 partes
460 2099 602 2143 circumfluus
613 2099 697 2142 amnis:

125 2174 197 2215 Insula
208 2188 288 2216 nomen
298 2174 377 2224 habet;
387 2173 522 2229 laterrurrque
532 2181 615 2228 aparte
623 2173 723 2217 duorum
