1667 2584
114 238 140 279 aa
267 236 596 279 Murauouruosuort
668 236 762 279 v-Gtio.

113 324 220 376 Gaudeat,
230 337 258 367 an
268 324 326 380 virgo
336 324 447 381 magisbis
456 325 564 368 Schoeneia
573 323 642 367 dictis.

113 400 140 440 0!
152 398 246 454 quoties,
256 412 324 454 quum
331 399 379 454 jam
389 408 461 455 posset
471 399 571 447 transire,
582 408 666 441 morata
676 400 722 441 eet!

113 473 266 526 Spectatosque
275 471 314 513 diu
323 472 395 514 vultus
405 471 472 513 iuvita
481 471 576 527 reliquit!

114 543 191 586 Aridus
201 542 277 586 elassa
286 543 385 585 veniebat
394 543 501 585 anhelitus
510 557 558 594 ore3

114 620 214 673 Metaque
223 628 269 660 erat
278 617 351 673 longe:
362 627 409 660 turn
419 617 511 673 denique
521 618 548 660 de
559 617 627 660 uibus
637 630 712 660 uuum

114 689 209 733 ratibus
218 689 313 732 arboreis
322 689 392 745 proles
401 689 509 745 Neptunia
519 689 585 731 misit.

114 763 231 819 Obstupuit
240 763 310 818 virgo,
319 762 425 817 nitidique
435 761 535 817 cupidine
544 761 604 817 pomi

113 835 210 878 Decliuat
219 849 306 884 cursus,
315 848 438 889 aurumque
448 832 540 875 volubile
551 833 614 877 tollit.

112 907 208 949 Preterit
217 907 372 962 Hippomenes:
383 916 484 948 resonam
493 906 615 962 spectacula
624 906 713 963 plausu.

111 981 151 1023 llla
161 992 245 1022 moram
256 980 330 1033 celeri,
339 990 462 1035 cessataque
473 989 583 1037 tempora,
592 994 659 1023 eursu

113 1054 216 1109 corrigit,
225 1062 290 1109 atque
298 1053 490 1109 iterumjuvenem
499 1063 547 1109 post
557 1063 616 1110 terga
626 1053 743 1112 relinquit.

113 1131 139 1171 Et
149 1141 223 1170 rursus
232 1127 291 1183 pomi
298 1127 361 1184 jactu
370 1138 478 1170 remorata
487 1127 587 1179 secundi,

113 1201 263 1257 Consequitur,
275 1202 393 1258 transitque
403 1202 481 1244 virum.
491 1204 540 1245 Pars
550 1201 628 1245 ultima
637 1216 718 1247 eureus

114 1276 227 1319 Restabat:
238 1293 249 1315 α
256 1277 331 1326 Nunc,
341 1276 423 1332 inquit,
433 1275 494 1327 ades,
504 1277 545 1318 Dea
556 1276 653 1320 muueris
661 1288 758 1333 auctor-5
767 1298 781 1322 s

113 1354 182 1407 lnque
191 1351 247 1393 latus
256 1351 326 1407 campi
334 1384 339 1399 ,
348 1365 392 1405 quo
403 1352 484 1393 tardius
493 1350 529 1392 illa
540 1351 629 1402 rediret,

114 1423 169 1466 lecit
177 1424 205 1464 ab
216 1422 305 1478 obliquo
314 1422 410 1465 nitidum
417 1422 544 1479 juveniliter
553 1436 640 1467 aurum.

114 1501 146 1540 dn
156 1507 248 1553 peteret,
259 1496 317 1553 virgo
326 1496 370 1539 risu
379 1506 411 1539 est
420 1497 532 1539 dubitare:
543 1497 601 1553 coegi

114 1571 207 1619 Tollere,
218 1581 239 1614 et
248 1570 316 1627 adjeci
325 1570 411 1613 sublato
420 1572 516 1626 pondera
526 1570 595 1621 malo;

114 1645 248 1701 impediique
258 1644 329 1687 oneris
338 1644 418 1699 pariter
426 1644 529 1699 gravitate
538 1657 650 1700 moraque.

115 1722 173 1761 Neve
181 1734 244 1765 meus
254 1733 325 1762 sermo
334 1732 399 1762 curau
408 1719 437 1762 sit
446 1718 527 1761 tardior
536 1719 584 1771 illo,

114 1793 220 1836 Preterita
231 1803 262 1836 est
272 1793 342 1848 virgo:
352 1793 414 1835 duxit
424 1806 462 1834 sua
470 1793 559 1848 praemia
569 1792 644 1835 victor.

115 1867 221 1921 rignano,
230 1865 265 1907 eui
275 1875 345 1920 grates
353 1876 436 1920 ageret,
446 1865 480 1907 cui
491 1866 545 1908 turis
555 1866 662 1909 bonorem

110 1943 198 1990 Ferret,
208 1939 287 1988 Adoni,
297 1939 341 1981 fuir
351 1953 390 1981 nec
399 1949 468 1995 grates
477 1940 595 1982 immemor
603 1941 657 1997 egit,

116 2015 161 2055 Nec
172 2012 225 2054 mihi
235 2021 284 2055 tura
293 2011 358 2053 dedit,
368 2011 467 2053 Subitam
476 2021 590 2055 convertor
599 2013 622 2054 iu
631 2013 703 2058 iram:

108 2084 275 2137 “Contemuique
283 2083 368 2133 dolens,
378 2095 405 2123 ne
414 2083 455 2124 sim
466 2084 585 2138 spernenda
594 2083 688 2138 futuris,

123 2158 226 2212 Exemplo
235 2170 311 2205 careo,
320 2169 398 2211 meque
407 2155 452 2211 ipsa
461 2156 563 2199 exhortor
572 2158 594 2199 in
604 2159 689 2202 ambos.
736 2170 738 2173 '

148 2246 160 2269 o
166 2229 254 2285 Templa
263 2231 331 2275 Deum
341 2228 415 2282 Matri,
424 2242 473 2284 quoe
481 2230 593 2285 quondum
603 2229 676 2275 clarus
684 2233 772 2282 Echio·
