1667 2584
109 199 136 243 st
261 195 589 243 urituonruossou
662 196 750 250 essa.

108 284 192 326 Mittere
202 292 301 339 conatur.
310 284 431 325 Conantem
440 282 511 339 stipite
520 296 603 338 querno

108 361 204 413 Occupat
212 357 304 413 AEgides,
313 356 424 413 cubitique
434 355 527 411 ingentia
536 354 617 411 frangit

109 432 173 473 Ossa:
184 430 322 475 nec.ulteriut
331 432 381 473 dare
391 442 470 485 corpus
479 427 555 470 inutile
564 427 607 470 leto

109 506 153 547 hut
162 513 233 557 vacat,
242 514 281 549 aut
289 513 363 558 curat3
374 512 476 558 tergoque
485 501 580 544 Bianoris
589 501 626 543 alti

110 578 191 629 Insilit,
199 578 258 620 haud
267 578 330 621 solito
340 590 474 634 quemquam
482 586 581 632 portare,
590 575 632 617 nisi
642 575 716 632 ipsum
726 593 731 618 :

111 652 259 711 Opposuitqoe
267 666 323 709 genu
333 652 407 702 costis,
416 664 560 707 prepsamque
570 649 657 697 sinistra

112 726 225 770 Cesariem
235 725 339 775 retinens,
349 723 447 775 vultum,
456 722 622 779 minitantiaque
632 737 671 768 cra

113 801 197 845 Robore
206 800 299 850 nodoso,
309 798 451 855 praeduraque
461 807 569 853 tempora,
580 796 651 852 fregit.

112 875 196 917 Robore
205 875 355 931 Nedymnum,
361 872 549 928 jaculatoremque
559 873 653 929 Lycotan

112 947 202 999 Sternit,
211 957 233 991 et
241 946 339 988 immissa
348 955 472 1001 protectum
481 954 568 1003 pectora
578 945 646 988 barba

114 1021 233 1076 Hippason,
243 1029 265 1062 et
273 1020 366 1062 summis
375 1030 494 1064 exstantem
504 1020 584 1076 Riphea
593 1019 663 1071 siliis,

114 1096 234 1148 Tereaque,
243 1092 358 1135 Haemoniis
366 1093 404 1148 qui
414 1105 502 1149 prensos
511 1092 624 1137 montibus
634 1106 696 1143 ursos

115 1170 177 1211 Ferre
186 1167 281 1217 domum
290 1166 360 1218 vivos,
370 1166 548 1223 indignantesque
557 1167 647 1213 solebat.

115 1243 178 1287 Haud
188 1240 238 1285 tulit
247 1251 345 1286 utentem
354 1255 433 1298 pugne
442 1240 574 1287 successibus
583 1241 643 1285 ultra

116 1315 197 1356 Thesea
207 1314 322 1359 Demoleon
330 1330 335 1356 :
344 1313 456 1370 solidoque
465 1312 565 1356 revellere
573 1324 651 1357 manco

116 1390 226 1431 Annosam
235 1387 312 1443 pinum
321 1401 403 1447 magno
412 1388 525 1433 molimine
535 1396 610 1435 mutat.

117 1461 180 1518 Quod
189 1461 241 1516 quia
250 1473 294 1501 non
303 1461 385 1517 potuit,
395 1456 532 1516 praefractam
542 1460 602 1503 misit
610 1461 634 1504 in
643 1461 739 1511 hostem.

118 1536 158 1578 Sed
167 1532 264 1590 procula
275 1533 316 1576 telo
326 1534 420 1577 Theseus
429 1534 526 1576 veniente
535 1535 633 1587 recessit,

118 1607 215 1653 Pallados
224 1606 338 1649 admonitu
347 1606 418 1663 (credi
428 1608 458 1649 sie
467 1607 512 1663 ipse
520 1606 626 1663 volebat).

120 1683 168 1723 Non
179 1690 252 1724 tamen
262 1680 327 1723 arbor
335 1679 392 1721 iners
401 1679 489 1721 cecidit:
500 1693 551 1721 nam
561 1681 672 1723 Crantoris
680 1676 720 1724 diti

119 1754 214 1798 Abscidit
218 1751 297 1810 jugulo
305 1762 423 1808 pectusque
432 1753 593 1811 humerumque
602 1753 726 1799 sinistrum.

118 1828 216 1883 Armiger
224 1826 259 1867 ille
269 1826 301 1868 tui
311 1825 383 1869 fuerat
392 1827 505 1882 genitoris,
515 1826 606 1871 Achille:

119 1902 190 1956 Quem
200 1897 306 1952 Dolopum
316 1908 391 1949 rector,
399 1897 456 1941 hello
465 1909 590 1955 superatus,
600 1903 710 1957 Amyntor

121 1972 209 2014 AEacida
217 1970 316 2020 dederat,
325 1970 383 2026 pacis
391 1972 512 2028 pignusque
521 1972 637 2027 iidemque.

86 2075 89 2081 ,
151 2062 162 2082 «ι
169 2046 230 2086 {lunc
238 2042 314 2099 procul
323 2051 348 2085 ut
357 2043 413 2086 ioedo
421 2045 535 2101 disjectum
546 2045 634 2089 vulnere
643 2047 720 2093 Peleus

123 2116 192 2166 Vidit,
203 2121 247 2158 «At
256 2114 355 2168 inferias,
359 2117 466 2173 juvenum
477 2120 596 2176 praesume
605 2122 706 2172 Crantor,

123 2190 208 2247 Accipe,
218 2190 248 2234 sit
256 2205 260 2232 :
268 2206 279 2229 υ
291 2188 432 2247 validoquein
441 2194 581 2241 Demoleonta
589 2195 671 2248 lacerto
