1667 2584
117 187 147 220 io
270 177 599 223 unriuouruosnou
686 159 822 245 moi

115 271 165 315 iisse
174 273 227 314 Deos
234 270 297 314 Erebi
305 271 402 315 crudeles
411 282 511 328 questus,
520 273 543 314 in
552 272 620 314 altam

117 347 143 388 Se
153 344 228 400 recipit
236 344 365 400 Rhodopen,
374 345 506 400 pulsumque
515 344 656 400 Aquilonibus
666 345 770 390 demon.

115 417 199 460 Tertius
208 417 311 473 nquoreis
320 417 430 460 inclusum
439 419 534 461 Piscibus
544 431 628 461 annum

117 490 210 533 finierat
218 490 293 533 Titan:
304 503 435 546 omnemque
446 490 553 548 refugerat
562 491 659 547 Orpheus
815 482 823 537 f

117 564 242 607 Femineam
251 565 368 615 Venerem
377 578 416 607 seu
425 565 485 621 quod
494 564 550 607 male
559 574 651 608 cesserat
659 565 701 615 illi;

116 640 164 684 Sive
174 638 239 682 tidem
248 638 341 682 dederet.
351 639 431 682 Multos
441 649 514 682 umen
523 641 588 682 ardor
597 640 691 683 babebat

117 715 209 770 longeio
218 727 240 756 se
249 713 305 756 vati:
315 713 389 757 miniae
397 715 486 757 doluere
495 714 591 770 repulsae.

117 786 155 829 llle
164 785 230 829 eriam
238 786 347 828 Thracum
356 785 442 842 populis
452 786 495 828 fuit
502 796 584 837 auctor,
594 800 693 829 amorem

118 859 144 900 ln
153 867 237 901 tenuos
246 856 361 900 transferre
370 871 451 908 mares3
460 858 556 914 citraque
562 858 677 915 juventam

119 930 192 973 AEtatis
201 930 264 972 breve
273 942 316 981 rer,
325 938 347 972 et
355 930 437 985 primos
446 943 532 986 carpere
542 930 611 974 flores.

148 1079 175 1120 ll.
183 1079 257 1121 Cotnts
266 1087 322 1129 eret,
331 1076 451 1134 collemque
459 1089 524 1134 super
533 1077 658 1134 plenissima
664 1082 738 1137 campi

121 1154 188 1197 Aren:
198 1166 265 1209 quam
272 1153 362 1196 viridem
371 1152 479 1196 faciebant
487 1153 591 1210 graminis
599 1154 677 1196 herba.

120 1227 202 1269 Umbra
211 1226 259 1270 loco
268 1226 353 1269 deerat:
363 1240 407 1283 qua
415 1236 530 1283 postquam
539 1237 600 1283 pnrte
608 1227 686 1270 resedit

120 1302 155 1344 Dis
165 1301 249 1358 penitus
258 1310 326 1352 vates,
336 1310 358 1343 et
366 1300 403 1357 filu
411 1301 511 1344 sonantia
520 1301 598 1352 movit3

120 1374 202 1416 Umbra
211 1372 258 1415 loco
266 1372 332 1415 venit.
341 1373 390 1415 Non
399 1372 492 1416 Chaonis
501 1373 572 1416 obfuit
580 1374 655 1426 arbos,

118 1449 169 1490 Non
179 1460 256 1490 nemus
265 1445 389 1498 Heliadum,
398 1459 444 1488 non
453 1445 561 1489 frontibus
570 1446 654 1490 esculan
663 1447 722 1500 ultis,

119 1522 164 1564 Nec
174 1518 223 1563 utin
233 1517 319 1571 molles,
328 1532 367 1560 nee
376 1517 450 1573 fagus,
460 1528 481 1561 et
490 1518 572 1561 innuba
581 1518 662 1563 laurus.

118 1597 145 1639 Et
153 1594 220 1652 coryli
229 1593 325 1650 fragiles,
334 1601 356 1635 et
364 1591 461 1635 fraxinus
470 1592 528 1635 utilis
537 1593 615 1645 bustis,
658 1610 664 1617 ·

117 1667 240 1724 Enodisque
248 1666 321 1714 abies:
326 1675 456 1719 curvataque
466 1664 579 1720 glandibus
589 1665 639 1716 ilex,

117 1745 145 1787 Et
153 1742 253 1798 platanus
262 1741 360 1796 genialis,
370 1754 461 1795 acerque
470 1739 577 1782 coloribus
586 1740 664 1795 impar,

118 1815 278 1870 amnicolnque
287 1813 352 1857 simul
361 1815 446 1864 salices,
455 1824 476 1856 et
485 1814 584 1870 aquatica
593 1813 660 1864 lotos,

118 1891 266 1945 Perpetuoque
276 1888 345 1929 uirens
355 1887 436 1935 buxus,
446 1897 562 1941 tenuesque
572 1883 668 1940 myrice,

118 1967 144 2008 Et
154 1963 237 2006 bicolor
246 1971 340 2019 myrtus,
349 1971 371 2003 et
380 1961 450 2003 baccis
460 1959 536 2002 caernta
547 1960 617 2002 tinus:

117 2040 162 2081 Vos
171 2051 268 2094 quoque,
278 2036 389 2092 flexipedes
398 2036 491 2081 nederae.
502 2033 598 2082 venistis,
609 2041 630 2075 et
639 2046 684 2076 una

117 2111 236 2167 Pampineae
246 2110 308 2158 vites,
318 2119 340 2151 et
348 2108 432 2150 umietae
439 2107 518 2150 vitibus
528 2106 594 2148 ulmi:

116 2183 222 2240 ornique,
232 2192 253 2226 et
261 2181 337 2239 picen,
346 2194 455 2237 pomoque
464 2188 552 2223 onerato
562 2177 649 2221 rubenti
