1667 2584
83 231 102 260 r.
115 232 166 274 ²⁰9·
318 220 418 262 tinea
436 218 509 262 XV.'
685 233 725 273 179

84 308 167 363 Excipit
175 310 313 361 Autumnus,
323 310 393 367 posito
403 309 485 352 fervore
492 309 588 365 juvente

84 384 195 431 Maturus,
205 384 319 438 mitisque,
328 383 384 426 inter
389 383 537 439 juvenemque
547 397 663 439 senemque

84 456 197 510 Temperie
207 457 303 506 medius,
312 456 389 512 sparsis
398 470 437 512 per
447 466 544 512 tempora
553 456 619 498 oanis.

84 529 136 570 lnde
145 529 219 571 senilis
228 530 301 573 Hiems
310 530 402 573 tremulo
412 531 471 573 venit
480 530 567 593 horrida
576 544 652 586 passu,

83 605 126 644 Aut
135 600 228 656 spoliata
237 615 298 651 suos,
309 613 358 650 aut,
368 615 423 657 quos
432 602 508 652 habet,
517 602 567 645 elba
575 602 669 657 onpillos.

83 675 162 715 Nostra
172 687 260 728 quoque
269 674 366 729 ipsorum
376 689 468 731 semper,
479 677 593 731 requieque
602 675 647 717 sine
657 673 712 724 ulla,

83 748 179 802 Corpora
188 756 315 790 vertuntur:
325 763 376 797 nec,
386 750 445 805 quod
455 748 575 799 fuimusve,
586 762 716 803 sumusque,

83 819 233 862 eraserimus.
242 821 291 863 Fuit
300 821 336 863 illa
345 822 400 871 dies,
409 836 453 895 qqa
462 822 545 864 seminn
555 831 652 871 tentum,

82 894 178 948 Spesque
187 892 302 935 hominurn
313 894 388 949 primae
397 905 496 937 materna
505 894 651 937 habitavimus
660 894 715 937 alvo.

83 964 180 1008 Artifices
189 967 273 1008 Natura
283 980 362 1009 munus
370 967 478 1015 admovit,
488 977 509 1009 et
518 967 567 1022 angi

83 1040 179 1093 Corpora
186 1038 302 1081 visceribus
311 1039 408 1082 distentae
417 1040 504 1081 condita
514 1041 589 1082 matris
599 1066 602 1071 <

83 1111 171 1162 Noluit,
180 1124 235 1167 eque
244 1112 310 1153 domo
320 1125 398 1154 vneuas
407 1111 479 1155 emisit
488 1113 589 1154 inauras.

82 1185 157 1226 Editus
167 1184 189 1225 io
199 1184 271 1226 lucem
277 1184 349 1240 jacuit
357 1185 403 1227 sine
412 1184 493 1224 viribus
501 1183 584 1234 inians;

83 1260 132 1300 Mox
141 1259 276 1313 quadrupes,
287 1258 373 1313 rituque
383 1256 433 1299 tulit
442 1270 481 1298 sua
491 1256 591 1297 mem-bra
600 1255 696 1298 ferarum
704 1272 709 1297 ε

83 1331 233 1386 Paulatimque
243 1341 349 1381 tremens,
359 1341 380 1372 et
390 1330 490 1375 nundum
501 1328 582 1384 poplite
592 1328 656 1371 firmo

83 1404 195 1454 Constitit,
204 1403 284 1459 adjutis
294 1403 367 1459 aliquo
376 1402 492 1445 conamine
502 1403 579 1445 nervis.

81 1480 133 1521 lude
143 1479 217 1521 valens
227 1478 329 1534 veloxque
340 1478 394 1527 luit3
405 1478 544 1534 spatiumque
551 1477 648 1534 juvente

83 1553 180 1603 Transit,
190 1562 222 1602 et,
232 1552 325 1595 emensis
335 1552 400 1594 medii
409 1566 496 1608 qnoque
507 1552 609 1608 temporis
618 1551 692 1602 nnnis,

82 1628 172 1670 labitur
181 1626 276 1668 occidue
286 1639 324 1680 per
333 1626 373 1668 iter
381 1625 461 1668 declive
471 1634 568 1667 senecta.

83 1703 173 1744 Subruit
183 1702 228 1742 trec
237 1700 276 1742 evi
285 1701 447 1755 demoliturque
455 1699 532 1756 prioris

82 1777 181 1818 Robora:
192 1774 272 1829 detque
282 1773 348 1816 ttilon
357 1774 435 1824 senior,
444 1787 515 1829 quum
524 1783 606 1828 spectat
616 1774 691 1817 inanes

82 1851 144 1901 Illos,
154 1850 193 1905 qui
202 1849 290 1891 fuerant
298 1849 418 1892 solidorum
429 1848 486 1891 mole
496 1858 594 1892 tororum
610 1876 612 1883 ·

84 1922 193 1967 Herculeis
201 1921 294 1972 similes,
304 1921 382 1964 llnidos
390 1923 483 1977 pendere
492 1922 588 1964 tarenos.

83 1996 129 2040 Flet
136 2007 236 2050 quoqne,
247 2004 272 2035 ut
281 1993 304 2035 in
313 1994 400 2049 speculo
409 2008 473 2051 rupes
482 1995 578 2049 adspexit
587 1996 665 2048 aniles,
673 2022 675 2025 -

82 2069 199 2127 Tyndaris,
209 2077 231 2110 et
240 2080 326 2117 secum,
335 2081 375 2109 cur
384 2068 411 2110 sit
421 2069 453 2110 bis
464 2078 537 2124 rapta,
547 2069 643 2124 requirit.

82 2144 179 2198 Tempus
188 2141 242 2182 edax
252 2153 337 2189 rerum,
347 2149 414 2194 tuque
425 2139 529 2183 invidiosa
538 2152 644 2195 vetustas,

84 2215 164 2262 Omnia
173 2212 296 2263 destruitis,
305 2212 422 2268 vitiataque
431 2212 532 2257 dentibus
540 2213 579 2260 sevi
