1667 2584
17 188 19 221 t
77 180 152 231 uun.
303 178 403 221 utun
420 179 479 222 xlt.

77 271 190 312 linteatum
200 282 266 311 cursu
274 268 341 312 misse
350 266 407 312 latus
415 270 473 312 eruit
482 270 554 320 hasta,

77 343 121 399 Qua
129 342 162 383 vir
171 354 228 396 equo
237 342 368 384 commissus
378 352 430 384 erat.
440 342 500 384 Furit
509 341 544 384 ille
553 341 637 393 dolore,

76 415 180 469 Nudaque
189 414 270 472 Phyllei
276 414 364 471 juvenis
374 414 424 458 ferit
433 428 470 458 ora
480 416 562 458 sarissa.

76 488 122 529 Non
131 500 194 529 secus
204 487 251 529 hnc
261 487 339 537 resilit,
348 502 416 543 quam
426 490 476 531 teeti
486 503 498 531 a
508 489 603 531 culmine
613 490 706 545 grando,

75 562 115 604 lut
123 561 141 602 si
153 560 203 616 quis
212 572 280 616 parvo
292 560 355 602 feriat
365 570 415 603 cava
426 571 528 618 tympana
538 574 595 604 saxo.

75 635 176 676 Cominus
186 634 319 689 adgreditur,
328 634 433 690 laterique
442 636 557 677 recondere
567 637 622 677 duro

75 710 177 751 luctatur
186 707 282 764 gladium
292 726 297 751 :
307 709 379 765 gladio
388 709 436 753 luca
445 710 517 766 pervia
527 723 571 751 non
581 720 638 752 sunt.

17 804 19 835 3
76 782 153 824 «Haud
163 792 238 823 tamen
248 780 351 837 effugies3
362 780 577 838 medlojugulaberis
586 796 647 833 ense,

17 854 19 867 '
75 853 753 913 Quandoquidemmucroesthehes‚inquit:uetinlatusensem

76 929 186 984 Obliquat,
197 927 304 983 longeque
314 927 454 983 amplectitur
463 928 499 970 ilia
509 929 590 970 dextra.

75 1003 135 1059 tuga
145 1002 199 1045 facit
208 1002 301 1058 gemitus
310 1035 315 1053 ,
325 1014 366 1044 ceu
375 1016 464 1057 corpore
474 1002 589 1044 marmoris
599 1002 646 1053 ἰούς

17 1076 18 1089 ’
76 1077 193 1129 fractaque
202 1073 296 1117 dissiluit
305 1086 407 1130 percusso
416 1073 499 1116 lamina
509 1073 571 1116 eollo.

17 1144 18 1151 ’
75 1149 102 1191 Ut
110 1147 162 1190 satis
171 1147 248 1190 illesos
258 1147 348 1190 miranti
356 1147 450 1203 praebuit
459 1156 529 1197 artus;

77 1224 157 1264 «Nunc
167 1235 217 1277 affe,
226 1222 257 1264 ait
265 1223 365 1270 Cuneus,
376 1230 450 1263 nostro
460 1231 498 1263 tna
507 1232 597 1275 corpora
607 1219 666 1271 ferre

77 1297 205 1338 Tentemus:
215 1312 226 1334 u
238 1295 360 1351 capuloque
370 1306 433 1338 tenus
443 1295 529 1336 demisit
538 1294 561 1335 in
570 1308 642 1336 armos

77 1372 151 1413 Ensem
162 1369 288 1421 fatiferum,
298 1380 420 1425 eaecamque
429 1369 452 1411 in
462 1369 541 1411 viscera
551 1369 630 1419 movit,

78 1443 216 1498 Versavitque
226 1456 331 1493 manum,
340 1442 462 1498 vulnusque
472 1444 495 1483 in
504 1442 591 1484 vulnere
601 1441 658 1484 fecit.

78 1518 127 1558 Ecce
137 1528 206 1559 ruunt
215 1526 275 1559 vasto
286 1516 355 1558 rubidi
364 1516 459 1558 clamore
468 1516 613 1566 bimembres.

78 1590 168 1646 Telaque
176 1591 200 1632 in
210 1589 270 1632 hune
280 1603 355 1633 omnes
366 1600 437 1632 unum
447 1591 581 1646 mittuntque
591 1589 713 1646 feruntque.

78 1663 124 1705 Tela
135 1675 207 1707 retusa
217 1664 312 1706 cadunt:
323 1673 397 1706 manet
406 1663 547 1719 imperfossus
557 1662 585 1705 ab
594 1665 666 1714 omni,

78 1739 142 1793 lnque
151 1748 280 1781 cruentatus
290 1739 378 1781 oeneus
387 1737 481 1781 Elateius
490 1739 542 1780 ictu.

79 1811 161 1854 lecerat
169 1811 275 1854 attonitus
285 1824 390 1853 nova-res.
401 1828 412 1849 «
420 1812 475 1854 ileu!
485 1812 577 1854 dedecus
587 1811 672 1868 ingens!

79 1882 196 1941 Monychus
205 1883 323 1933 exclamem
332 1882 428 1939 populus
436 1894 565 1939 superamur
574 1886 601 1926 ab
611 1896 668 1933 uno,

79 1956 159 2014 Vixque
168 1958 229 1999 viro:
239 1968 375 2012 quamquam
384 1956 420 2000 ille
429 1957 462 2000 vir
470 1968 513 2009 est;
523 1968 563 1999 nos
572 1956 673 2012 segnibus
682 1957 746 2008 actis,

79 2029 138 2087 Quod
148 2029 248 2080 suicide,
258 2042 341 2071 snmus.
351 2029 409 2086 Quid
419 2031 519 2072 membra
529 2029 635 2070 immania
643 2033 747 2083 prosunt?

80 2102 133 2160 Quid
142 2103 235 2160 qeminae
245 2103 312 2145 vires!
321 2102 385 2157 quid,
395 2105 454 2159 quod
463 2101 581 2145 fortissima
592 2112 666 2143 rerum

80 2177 101 2217 ln
112 2178 174 2222 nobis
183 2188 264 2221 natum
273 2175 352 2231 duplex
362 2177 464 2220 animalia
471 2175 557 2233 junxitt
