1667 2584
20 348 23 469 ¹

20 580 22 693 l

83 192 100 223 t.
111 182 157 224 583.
308 182 406 225 LIBER
424 183 483 226 Xll.

82 272 163 314 Exercet
172 284 291 323 memores,
300 271 350 328 plus
359 286 426 327 qnam
435 272 529 324 civiliter,
539 272 587 315 iras.

82 344 167 401 Jamque
176 344 219 387 fere
229 355 299 388 tracto
308 345 353 387 duo
362 359 400 401 per
408 345 556 402 quinquennia
565 344 632 398 hello,

81 418 163 461 Talibus
172 419 285 463 intonsum
295 420 409 476 compellat
418 421 534 478 Smgntlrea
543 420 616 463 dictis:

83 491 124 531 ro!
134 490 188 532 mihi
197 493 224 534 de
233 491 306 534 fratris
315 491 377 548 longe
387 493 506 548 gratissime
515 494 582 544 natis,

80 564 137 606 Irrita
145 564 184 620 qui
193 578 281 607 mecum
291 566 380 621 posuisti
387 567 466 609 moenla
475 566 554 622 Trojae,

79 638 166 693 Ecquid,
175 649 201 681 ut
210 639 249 681 has
255 638 304 695 jam
310 638 359 695 jum
368 655 454 683 casuras
463 641 553 697 adspicis
562 654 631 693 arces,

79 712 180 767 lngemisl
190 722 229 755 aut
238 713 315 768 ecquid
324 723 357 756 tot
365 715 502 757 defendentia
511 728 585 756 muros

79 783 141 826 ldillia
150 798 203 827 caesa
213 784 283 827 doles?
292 785 380 840 ecquid,
390 800 416 828 ne
426 799 542 843 persequqr
550 798 636 837 omnes,

77 858 168 901 Hectoris
177 859 256 900 umbra
265 859 334 909 subit,
344 860 426 901 circum
435 873 475 902 sua
483 862 584 914 Pergama
593 858 666 900 tracti?

79 932 147 988 Quum
158 941 233 974 tamen
242 930 276 973 ille
286 930 355 979 ferox,
366 932 465 987 belloque
474 932 583 975 cruentior
591 932 648 988 ipso,

77 1003 131 1047 Vivit
140 1004 223 1054 adhuc,
233 1005 302 1060 operis
310 1006 377 1047 nostri
380 1005 512 1061 populator,
521 1004 617 1047 Achilles.

77 1078 112 1121 llet
120 1078 217 1129 mihi'se;
227 1077 287 1128 laxo,
297 1078 374 1134 triplici
384 1078 437 1133 quid
446 1078 533 1133 cuspide
541 1078 633 1133 possim,

77 1152 167 1195 Sentiat:
177 1163 199 1195 at
208 1152 312 1209 quoniam
322 1165 449 1194 concurrere
459 1151 557 1192 cominus
566 1150 622 1192 hosti

77 1225 122 1267 llon
131 1226 204 1277 datur,
214 1225 298 1267 occulta
306 1238 346 1267 nec
356 1224 447 1280 opinum
456 1224 520 1279 perde
530 1224 630 1280 sagitta.»

99 1299 191 1350 Adnuit3
201 1309 265 1354 atque
274 1298 349 1341 animo
358 1299 438 1355 pariter
447 1307 567 1354 patruoque
577 1310 658 1353 suoque

74 1371 140 1414 llelius
149 1371 274 1427 indulgens,
284 1370 364 1415 nebula
372 1370 454 1413 velatus
462 1372 485 1412 in
495 1385 573 1428 agmen

73 1445 165 1488 Pervenit
174 1445 274 1491 iliacum,
285 1445 398 1501 mediaque
407 1445 429 1486 in
439 1445 494 1486 caede
504 1445 600 1487 virorum

73 1516 122 1559 llam
131 1531 171 1574 per
179 1516 264 1573 ignotos
273 1526 408 1573 spargentem
417 1517 485 1559 cernit
494 1517 583 1559 Achivos

72 1591 117 1633 Tela
126 1592 200 1642 Parin,
211 1591 322 1647 lassusque
328 1593 408 1641 Deum,
419 1608 430 1630 «
437 1592 493 1649 Quid
501 1590 583 1647 spicula
592 1591 661 1645 perdis

71 1663 174 1720 Sanguine
184 1663 264 1720 plebisl
272 1663 314 1705 ait:
324 1663 342 1705 si
351 1677 394 1717 qua
403 1674 434 1706 est
443 1664 484 1706 tibi
492 1677 543 1705 cura
553 1673 652 1715 tuorum,

71 1735 155 1780 Vertere
163 1738 186 1779 in
197 1737 305 1787 AEaciden,
314 1749 420 1791 caesosque
430 1735 530 1778 ulciscere
539 1735 621 1779 iratres.
628 1750 639 1775 >l

20 1810 21 1829 ³
70 1808 134 1852 llixit:
144 1819 167 1852 et
175 1811 289 1852 ostendens
298 1817 428 1851 sternentem
437 1809 500 1851 Troia
509 1808 566 1851 ferro

70 1881 161 1938 Corpora
169 1882 264 1935 Peliden,
274 1896 336 1924 arcus
346 1881 439 1924 obvertit
447 1882 470 1923 iu
479 1881 552 1934 illum,

69 1955 170 2013 certaque
179 1956 262 2000 letifera
270 1956 347 1999 direxit
355 1956 437 2013 spicula
445 1958 525 1999 dextra.

70 2031 129 2085 Quod
138 2032 236 2075 Priamus
244 2033 336 2090 gaudere
345 2042 408 2073 senex
417 2041 466 2088 post
474 2034 563 2074 Hectora
571 2043 651 2087 posset,

69 2102 109 2146 lloc
118 2104 173 2149 fuit:
183 2105 218 2148 ille
227 2105 294 2162 igitur
302 2113 413 2147 tantorum
423 2103 496 2154 victor,
506 2103 596 2155 Achille,

69 2174 182 2223 Vincerisa
192 2179 268 2224 timido
277 2178 346 2222 Graiae
353 2186 437 2233 raptore
447 2177 538 2220 maritae!

721 924 735 961 l
