<?xml version="1.0" encoding="UTF-8"?>
<!DOCTYPE html PUBLIC "-//W3C//DTD XHTML 1.0 Transitional//EN"
    "http://www.w3.org/TR/xhtml1/DTD/xhtml1-transitional.dtd">
<html xmlns="http://www.w3.org/1999/xhtml" xml:lang="en" lang="en">
 <head>
  <title>
</title>
<meta http-equiv="Content-Type" content="text/html;charset=utf-8" />
  <meta name='ocr-system' content='tesseract 3.04.00' />
  <meta name='ocr-capabilities' content='ocr_page ocr_carea ocr_par ocr_line ocrx_word'/>
</head>
<body>
  <div class='ocr_page' id='page_1' title='image "./opera00rivigoog_0196.png"; bbox 0 0 1667 2584; ppageno 0'>
   <div class='ocr_carea' id='block_1_1' title="bbox 84 225 724 282">
    <p class='ocr_par' dir='ltr' id='par_1_1' title="bbox 84 225 724 282">
     <span class='ocr_line' id='line_1_1' title="bbox 84 225 724 282; baseline -0.006 -13"><span class='ocrx_word' id='word_1_1' title='bbox 84 240 123 282; x_wconf 59' lang='grc' dir='ltr'>μμ</span> <span class='ocrx_word' id='word_1_2' title='bbox 236 225 566 268; x_wconf 76' lang='lat' dir='ltr'>naranoarnosuon</span> <span class='ocrx_word' id='word_1_3' title='bbox 637 227 724 279; x_wconf 58' lang='lat' dir='ltr'>aaut.</span> 
     </span>
    </p>
   </div>
   <div class='ocr_carea' id='block_1_2' title="bbox 74 314 687 738">
    <p class='ocr_par' dir='ltr' id='par_1_2' title="bbox 80 314 562 370">
     <span class='ocr_line' id='line_1_2' title="bbox 80 314 562 370; baseline -0.004 -11"><span class='ocrx_word' id='word_1_4' title='bbox 80 315 175 359; x_wconf 80' lang='lat' dir='ltr'>Fatalem</span> <span class='ocrx_word' id='word_1_5' title='bbox 185 314 271 370; x_wconf 76' lang='lat' dir='ltr'>glebam</span> <span class='ocrx_word' id='word_1_6' title='bbox 281 315 357 357; x_wconf 80' lang='lat' dir='ltr'>mediis</span> <span class='ocrx_word' id='word_1_7' title='bbox 367 315 464 370; x_wconf 77' lang='lat' dir='ltr'>adspexit</span> <span class='ocrx_word' id='word_1_8' title='bbox 473 314 497 357; x_wconf 95' lang='lat' dir='ltr'>in</span> <span class='ocrx_word' id='word_1_9' title='bbox 506 314 562 357; x_wconf 78' lang='lat' dir='ltr'>arria</span> 
     </span>
    </p>

    <p class='ocr_par' dir='ltr' id='par_1_3' title="bbox 79 386 687 590">
     <span class='ocr_line' id='line_1_3' title="bbox 79 386 658 443; baseline -0.007 -11"><span class='ocrx_word' id='word_1_10' title='bbox 79 392 159 443; x_wconf 87' lang='lat' dir='ltr'>Sponte</span> <span class='ocrx_word' id='word_1_11' title='bbox 167 401 207 430; x_wconf 76' lang='lat' dir='ltr'>sua</span> <span class='ocrx_word' id='word_1_12' title='bbox 217 388 325 443; x_wconf 79' lang='lat' dir='ltr'>primum,</span> <span class='ocrx_word' id='word_1_13' title='bbox 334 387 437 442; x_wconf 84' lang='lat' dir='ltr'>nulloque</span> <span class='ocrx_word' id='word_1_14' title='bbox 447 386 553 442; x_wconf 75' lang='lat' dir='ltr'>agitante,</span> <span class='ocrx_word' id='word_1_15' title='bbox 563 386 658 438; x_wconf 80' lang='lat' dir='ltr'>moveri,</span> 
     </span>
     <span class='ocr_line' id='line_1_4' title="bbox 80 458 687 515; baseline -0.003 -11"><span class='ocrx_word' id='word_1_16' title='bbox 80 464 169 504; x_wconf 84' lang='lat' dir='ltr'>Sumere</span> <span class='ocrx_word' id='word_1_17' title='bbox 179 475 230 502; x_wconf 81' lang='lat' dir='ltr'>mox</span> <span class='ocrx_word' id='word_1_18' title='bbox 238 461 345 510; x_wconf 79' lang='lat' dir='ltr'>hominis,</span> <span class='ocrx_word' id='word_1_19' title='bbox 356 470 459 515; x_wconf 77' lang='lat' dir='ltr'>terraque</span> <span class='ocrx_word' id='word_1_20' title='bbox 468 460 566 503; x_wconf 85' lang='lat' dir='ltr'>amittere</span> <span class='ocrx_word' id='word_1_21' title='bbox 576 458 687 510; x_wconf 75' lang='lat' dir='ltr'>formam,</span> 
     </span>
     <span class='ocr_line' id='line_1_5' title="bbox 81 532 531 590; baseline -0.007 -13"><span class='ocrx_word' id='word_1_22' title='bbox 81 537 165 590; x_wconf 79' lang='lat' dir='ltr'>Oraque</span> <span class='ocrx_word' id='word_1_23' title='bbox 175 534 270 576; x_wconf 80' lang='lat' dir='ltr'>venturis</span> <span class='ocrx_word' id='word_1_24' title='bbox 279 533 361 589; x_wconf 86' lang='lat' dir='ltr'>aperire</span> <span class='ocrx_word' id='word_1_25' title='bbox 372 533 465 575; x_wconf 76' lang='lat' dir='ltr'>recentia</span> <span class='ocrx_word' id='word_1_26' title='bbox 476 532 531 575; x_wconf 85' lang='lat' dir='ltr'>latis.</span> 
     </span>
    </p>

    <p class='ocr_par' dir='ltr' id='par_1_4' title="bbox 74 605 623 738">
     <span class='ocr_line' id='line_1_6' title="bbox 81 605 623 663; baseline -0.002 -14"><span class='ocrx_word' id='word_1_27' title='bbox 81 607 188 663; x_wconf 76' lang='lat' dir='ltr'>ludigenae</span> <span class='ocrx_word' id='word_1_28' title='bbox 197 608 268 649; x_wconf 76' lang='lat' dir='ltr'>dixere</span> <span class='ocrx_word' id='word_1_29' title='bbox 277 608 359 662; x_wconf 72' lang='lat' dir='ltr'>Tagen:</span> <span class='ocrx_word' id='word_1_30' title='bbox 369 605 407 660; x_wconf 88' lang='lat' dir='ltr'>qni</span> <span class='ocrx_word' id='word_1_31' title='bbox 416 605 501 661; x_wconf 82' lang='lat' dir='ltr'>primus</span> <span class='ocrx_word' id='word_1_32' title='bbox 510 607 623 649; x_wconf 75' lang='lat' dir='ltr'>Etruscam</span> 
     </span>
     <span class='ocr_line' id='line_1_7' title="bbox 74 674 552 738; baseline -0.004 -14"><span class='ocrx_word' id='word_1_33' title='bbox 74 683 174 724; x_wconf 86' lang='lat' dir='ltr'>-Edocuit</span> <span class='ocrx_word' id='word_1_34' title='bbox 182 694 268 738; x_wconf 68' lang='lat' dir='ltr'>gentem</span> <span class='ocrx_word' id='word_1_35' title='bbox 278 695 340 724; x_wconf 84' lang='lat' dir='ltr'>casus</span> <span class='ocrx_word' id='word_1_36' title='bbox 350 681 433 736; x_wconf 86' lang='lat' dir='ltr'>aperire</span> <span class='ocrx_word' id='word_1_37' title='bbox 442 680 534 723; x_wconf 75' lang='lat' dir='ltr'>futuros.</span> <span class='ocrx_word' id='word_1_38' title='bbox 548 674 552 689; x_wconf 90' lang='lat'>&#39;</span> 
     </span>
    </p>
   </div>
   <div class='ocr_carea' id='block_1_3' title="bbox 83 826 708 2277">
    <p class='ocr_par' dir='ltr' id='par_1_5' title="bbox 83 826 665 1031">
     <span class='ocr_line' id='line_1_8' title="bbox 112 826 635 878; baseline 0 -8"><span class='ocrx_word' id='word_1_39' title='bbox 112 830 148 870; x_wconf 81' lang='lat' dir='ltr'>lx.</span> <span class='ocrx_word' id='word_1_40' title='bbox 158 831 234 878; x_wconf 82' lang='lat' dir='ltr'>Uroua</span> <span class='ocrx_word' id='word_1_41' title='bbox 244 828 344 871; x_wconf 81' lang='lat' dir='ltr'>Palatinis</span> <span class='ocrx_word' id='word_1_42' title='bbox 353 828 471 870; x_wconf 77' lang='lat' dir='ltr'>haerentem</span> <span class='ocrx_word' id='word_1_43' title='bbox 480 826 573 870; x_wconf 76' lang='lat' dir='ltr'>collibus</span> <span class='ocrx_word' id='word_1_44' title='bbox 581 826 635 870; x_wconf 89' lang='lat' dir='ltr'>olim</span> 
     </span>
     <span class='ocr_line' id='line_1_9' title="bbox 83 896 665 956; baseline 0.002 -13"><span class='ocrx_word' id='word_1_45' title='bbox 83 903 157 956; x_wconf 79' lang='lat' dir='ltr'>Quum</span> <span class='ocrx_word' id='word_1_46' title='bbox 166 902 239 944; x_wconf 87' lang='lat' dir='ltr'>subito</span> <span class='ocrx_word' id='word_1_47' title='bbox 250 902 301 943; x_wconf 80' lang='lat' dir='ltr'>vidit</span> <span class='ocrx_word' id='word_1_48' title='bbox 310 901 445 943; x_wconf 75' lang='lat' dir='ltr'>frondescere</span> <span class='ocrx_word' id='word_1_49' title='bbox 452 896 559 943; x_wconf 80' lang='lat' dir='ltr'><strong>Romulus</strong></span> <span class='ocrx_word' id='word_1_50' title='bbox 567 901 665 951; x_wconf 69' lang='lat' dir='ltr'>hatum,</span> 
     </span>
     <span class='ocr_line' id='line_1_10' title="bbox 84 973 591 1031; baseline -0.002 -15"><span class='ocrx_word' id='word_1_51' title='bbox 84 976 135 1031; x_wconf 72' lang='lat' dir='ltr'>Qua</span> <span class='ocrx_word' id='word_1_52' title='bbox 146 975 215 1016; x_wconf 85' lang='lat' dir='ltr'>radice</span> <span class='ocrx_word' id='word_1_53' title='bbox 225 988 292 1023; x_wconf 80' lang='lat' dir='ltr'>nora,</span> <span class='ocrx_word' id='word_1_54' title='bbox 301 987 345 1015; x_wconf 90' lang='lat' dir='ltr'>non</span> <span class='ocrx_word' id='word_1_55' title='bbox 356 973 413 1015; x_wconf 81' lang='lat' dir='ltr'>ferro</span> <span class='ocrx_word' id='word_1_56' title='bbox 423 974 494 1016; x_wconf 88' lang='lat' dir='ltr'>stabat</span> <span class='ocrx_word' id='word_1_57' title='bbox 503 974 591 1024; x_wconf 86' lang='lat' dir='ltr'>adacto,</span> 
     </span>
    </p>

    <p class='ocr_par' dir='ltr' id='par_1_6' title="bbox 84 1046 587 1103">
     <span class='ocr_line' id='line_1_11' title="bbox 84 1046 587 1103; baseline -0.002 -14"><span class='ocrx_word' id='word_1_58' title='bbox 84 1050 110 1089; x_wconf 86' lang='lat' dir='ltr'>Et</span> <span class='ocrx_word' id='word_1_59' title='bbox 115 1048 164 1103; x_wconf 87' lang='lat' dir='ltr'>jam</span> <span class='ocrx_word' id='word_1_60' title='bbox 174 1061 218 1088; x_wconf 88' lang='lat' dir='ltr'>non</span> <span class='ocrx_word' id='word_1_61' title='bbox 229 1046 308 1097; x_wconf 84' lang='lat' dir='ltr'>telum,</span> <span class='ocrx_word' id='word_1_62' title='bbox 318 1047 355 1089; x_wconf 92' lang='lat' dir='ltr'>sed</span> <span class='ocrx_word' id='word_1_63' title='bbox 363 1046 416 1088; x_wconf 90' lang='lat' dir='ltr'>lenti</span> <span class='ocrx_word' id='word_1_64' title='bbox 428 1046 513 1088; x_wconf 85' lang='lat' dir='ltr'>viminis</span> <span class='ocrx_word' id='word_1_65' title='bbox 523 1047 587 1088; x_wconf 87' lang='lat' dir='ltr'>arhor</span> 
     </span>
    </p>

    <p class='ocr_par' dir='ltr' id='par_1_7' title="bbox 83 1120 619 1177">
     <span class='ocr_line' id='line_1_12' title="bbox 83 1120 619 1177; baseline -0.004 -14"><span class='ocrx_word' id='word_1_66' title='bbox 83 1123 133 1163; x_wconf 88' lang='lat' dir='ltr'>Non</span> <span class='ocrx_word' id='word_1_67' title='bbox 143 1131 273 1177; x_wconf 83' lang='lat' dir='ltr'>exspectatas</span> <span class='ocrx_word' id='word_1_68' title='bbox 281 1121 347 1163; x_wconf 80' lang='lat' dir='ltr'>dabat</span> <span class='ocrx_word' id='word_1_69' title='bbox 355 1120 515 1163; x_wconf 79' lang='lat' dir='ltr'>admirantibus</span> <span class='ocrx_word' id='word_1_70' title='bbox 524 1121 619 1163; x_wconf 77' lang='lat' dir='ltr'>umbrat.</span> 
     </span>
    </p>

    <p class='ocr_par' dir='ltr' id='par_1_8' title="bbox 85 1194 708 1399">
     <span class='ocr_line' id='line_1_13' title="bbox 85 1194 603 1251; baseline -0.002 -14"><span class='ocrx_word' id='word_1_71' title='bbox 85 1199 127 1239; x_wconf 75' lang='lat' dir='ltr'>dut</span> <span class='ocrx_word' id='word_1_72' title='bbox 136 1211 174 1238; x_wconf 89' lang='lat' dir='ltr'>sua</span> <span class='ocrx_word' id='word_1_73' title='bbox 184 1196 287 1237; x_wconf 87' lang='lat' dir='ltr'>fluminea</span> <span class='ocrx_word' id='word_1_74' title='bbox 296 1209 366 1251; x_wconf 91' lang='lat' dir='ltr'>quum</span> <span class='ocrx_word' id='word_1_75' title='bbox 376 1195 429 1237; x_wconf 81' lang='lat' dir='ltr'>vidit</span> <span class='ocrx_word' id='word_1_76' title='bbox 438 1195 502 1251; x_wconf 76' lang='lat' dir='ltr'>Cipus</span> <span class='ocrx_word' id='word_1_77' title='bbox 512 1194 534 1236; x_wconf 93' lang='lat' dir='ltr'>in</span> <span class='ocrx_word' id='word_1_78' title='bbox 543 1195 603 1236; x_wconf 87' lang='lat' dir='ltr'>unda</span> 
     </span>
     <span class='ocr_line' id='line_1_14' title="bbox 85 1269 708 1326; baseline 0 -13"><span class='ocrx_word' id='word_1_79' title='bbox 85 1274 172 1314; x_wconf 82' lang='lat' dir='ltr'>Cornua</span> <span class='ocrx_word' id='word_1_80' title='bbox 182 1271 247 1326; x_wconf 86' lang='lat' dir='ltr'>(vidit</span> <span class='ocrx_word' id='word_1_81' title='bbox 257 1270 342 1326; x_wconf 78' lang='lat' dir='ltr'>enim),</span> <span class='ocrx_word' id='word_1_82' title='bbox 352 1270 472 1326; x_wconf 83' lang='lat' dir='ltr'>falsamque</span> <span class='ocrx_word' id='word_1_83' title='bbox 481 1270 504 1312; x_wconf 87' lang='lat' dir='ltr'>in</span> <span class='ocrx_word' id='word_1_84' title='bbox 513 1269 606 1326; x_wconf 67' lang='lat' dir='ltr'>imagine</span> <span class='ocrx_word' id='word_1_85' title='bbox 615 1271 708 1313; x_wconf 79' lang='lat' dir='ltr'>credens</span> 
     </span>
     <span class='ocr_line' id='line_1_15' title="bbox 86 1342 604 1399; baseline 0 -15"><span class='ocrx_word' id='word_1_86' title='bbox 86 1345 135 1385; x_wconf 81' lang='lat' dir='ltr'>Esse</span> <span class='ocrx_word' id='word_1_87' title='bbox 145 1343 222 1393; x_wconf 85' lang='lat' dir='ltr'>fidem,</span> <span class='ocrx_word' id='word_1_88' title='bbox 232 1343 303 1399; x_wconf 69' lang='lat' dir='ltr'>digitis</span> <span class='ocrx_word' id='word_1_89' title='bbox 313 1344 340 1385; x_wconf 88' lang='lat' dir='ltr'>ad</span> <span class='ocrx_word' id='word_1_90' title='bbox 350 1343 445 1385; x_wconf 81' lang='lat' dir='ltr'>frontem</span> <span class='ocrx_word' id='word_1_91' title='bbox 454 1356 509 1398; x_wconf 77' lang='lat' dir='ltr'>saepe</span> <span class='ocrx_word' id='word_1_92' title='bbox 519 1342 604 1395; x_wconf 81' lang='lat' dir='ltr'>relatis,</span> 
     </span>
    </p>

    <p class='ocr_par' dir='ltr' id='par_1_9' title="bbox 86 1414 667 1538">
     <span class='ocr_line' id='line_1_16' title="bbox 87 1414 667 1473; baseline -0.002 -15"><span class='ocrx_word' id='word_1_93' title='bbox 87 1419 139 1473; x_wconf 70' lang='lat' dir='ltr'>Quae</span> <span class='ocrx_word' id='word_1_94' title='bbox 149 1415 212 1465; x_wconf 78' lang='lat' dir='ltr'>vidit,</span> <span class='ocrx_word' id='word_1_95' title='bbox 224 1416 304 1470; x_wconf 66' lang='lat' dir='ltr'>tetigit:</span> <span class='ocrx_word' id='word_1_96' title='bbox 315 1429 354 1458; x_wconf 85' lang='lat' dir='ltr'>nee</span> <span class='ocrx_word' id='word_1_97' title='bbox 360 1414 408 1470; x_wconf 89' lang='lat' dir='ltr'>jam</span> <span class='ocrx_word' id='word_1_98' title='bbox 417 1429 456 1457; x_wconf 83' lang='lat' dir='ltr'>sua</span> <span class='ocrx_word' id='word_1_99' title='bbox 467 1414 551 1458; x_wconf 83' lang='lat' dir='ltr'>lumina</span> <span class='ocrx_word' id='word_1_100' title='bbox 561 1416 667 1457; x_wconf 86' lang='lat' dir='ltr'>damnans</span> 
     </span>
     <span class='ocr_line' id='line_1_17' title="bbox 86 1489 620 1538; baseline -0.004 -6"><span class='ocrx_word' id='word_1_101' title='bbox 86 1490 180 1538; x_wconf 76' lang='lat' dir='ltr'>llestitit.</span> <span class='ocrx_word' id='word_1_102' title='bbox 191 1500 216 1533; x_wconf 91' lang='lat' dir='ltr'>ut</span> <span class='ocrx_word' id='word_1_103' title='bbox 225 1490 292 1531; x_wconf 82' lang='lat' dir='ltr'>victor</span> <span class='ocrx_word' id='word_1_104' title='bbox 301 1490 385 1531; x_wconf 87' lang='lat' dir='ltr'>domito</span> <span class='ocrx_word' id='word_1_105' title='bbox 395 1490 506 1531; x_wconf 72' lang='lat' dir='ltr'>remeabat</span> <span class='ocrx_word' id='word_1_106' title='bbox 514 1490 542 1531; x_wconf 88' lang='lat' dir='ltr'>ab</span> <span class='ocrx_word' id='word_1_107' title='bbox 552 1489 620 1532; x_wconf 78' lang='lat' dir='ltr'>hoste.</span> 
     </span>
    </p>

    <p class='ocr_par' dir='ltr' id='par_1_10' title="bbox 88 1563 657 1619">
     <span class='ocr_line' id='line_1_18' title="bbox 88 1563 657 1619; baseline -0.007 -11"><span class='ocrx_word' id='word_1_108' title='bbox 88 1566 118 1608; x_wconf 80' lang='lat' dir='ltr'>ad</span> <span class='ocrx_word' id='word_1_109' title='bbox 129 1564 250 1619; x_wconf 67' lang='lat' dir='ltr'>celumque</span> <span class='ocrx_word' id='word_1_110' title='bbox 260 1563 345 1612; x_wconf 82' lang='lat' dir='ltr'>oculos,</span> <span class='ocrx_word' id='word_1_111' title='bbox 354 1573 376 1606; x_wconf 92' lang='lat' dir='ltr'>et</span> <span class='ocrx_word' id='word_1_112' title='bbox 385 1564 461 1605; x_wconf 88' lang='lat' dir='ltr'>eodem</span> <span class='ocrx_word' id='word_1_113' title='bbox 471 1563 559 1606; x_wconf 82' lang='lat' dir='ltr'>brachia</span> <span class='ocrx_word' id='word_1_114' title='bbox 568 1563 657 1614; x_wconf 79' lang='lat' dir='ltr'>tollens,</span> 
     </span>
    </p>

    <p class='ocr_par' dir='ltr' id='par_1_11' title="bbox 87 1635 691 1907">
     <span class='ocr_line' id='line_1_19' title="bbox 89 1635 691 1695; baseline 0.003 -19"><span class='ocrx_word' id='word_1_115' title='bbox 89 1657 99 1676; x_wconf 74' lang='grc' dir='ltr'>ιι</span> <span class='ocrx_word' id='word_1_116' title='bbox 107 1637 227 1695; x_wconf 79' lang='lat' dir='ltr'>Quidquid,</span> <span class='ocrx_word' id='word_1_117' title='bbox 237 1637 278 1684; x_wconf 79' lang='lat' dir='ltr'>ait.</span> <span class='ocrx_word' id='word_1_118' title='bbox 288 1636 375 1691; x_wconf 80' lang='lat' dir='ltr'>Superi,</span> <span class='ocrx_word' id='word_1_119' title='bbox 385 1645 483 1678; x_wconf 87' lang='lat' dir='ltr'>monstro</span> <span class='ocrx_word' id='word_1_120' title='bbox 492 1635 629 1691; x_wconf 78' lang='lat' dir='ltr'>portenditur</span> <span class='ocrx_word' id='word_1_121' title='bbox 636 1635 691 1687; x_wconf 80' lang='lat' dir='ltr'>isto,</span> 
     </span>
     <span class='ocr_line' id='line_1_20' title="bbox 88 1707 680 1764; baseline -0.007 -12"><span class='ocrx_word' id='word_1_122' title='bbox 88 1713 130 1752; x_wconf 82' lang='lat' dir='ltr'>Seu</span> <span class='ocrx_word' id='word_1_123' title='bbox 138 1709 211 1752; x_wconf 82' lang='lat' dir='ltr'>laetum</span> <span class='ocrx_word' id='word_1_124' title='bbox 222 1720 264 1755; x_wconf 82' lang='lat' dir='ltr'>est.</span> <span class='ocrx_word' id='word_1_125' title='bbox 273 1708 346 1763; x_wconf 77' lang='lat' dir='ltr'>pairioe</span> <span class='ocrx_word' id='word_1_126' title='bbox 356 1708 442 1757; x_wconf 77' lang='lat' dir='ltr'>taetum,</span> <span class='ocrx_word' id='word_1_127' title='bbox 452 1708 575 1763; x_wconf 84' lang='lat' dir='ltr'>populoque</span> <span class='ocrx_word' id='word_1_128' title='bbox 584 1707 680 1764; x_wconf 71' lang='lat' dir='ltr'>Quirini;</span> 
     </span>
     <span class='ocr_line' id='line_1_21' title="bbox 87 1777 664 1834; baseline -0.003 -10"><span class='ocrx_word' id='word_1_129' title='bbox 87 1784 134 1824; x_wconf 80' lang='lat' dir='ltr'>Sive</span> <span class='ocrx_word' id='word_1_130' title='bbox 144 1782 228 1830; x_wconf 80' lang='lat' dir='ltr'>minax,</span> <span class='ocrx_word' id='word_1_131' title='bbox 238 1780 291 1822; x_wconf 83' lang='lat' dir='ltr'>mihi</span> <span class='ocrx_word' id='word_1_132' title='bbox 300 1780 339 1822; x_wconf 81' lang='lat' dir='ltr'>sit:</span> <span class='ocrx_word' id='word_1_133' title='bbox 347 1798 358 1817; x_wconf 69' lang='grc' dir='ltr'>»ι</span> <span class='ocrx_word' id='word_1_134' title='bbox 369 1780 474 1834; x_wconf 82' lang='lat' dir='ltr'>viridique</span> <span class='ocrx_word' id='word_1_135' title='bbox 483 1794 494 1821; x_wconf 92' lang='lat' dir='ltr'>e</span> <span class='ocrx_word' id='word_1_136' title='bbox 503 1779 586 1834; x_wconf 78' lang='lat' dir='ltr'>caespite</span> <span class='ocrx_word' id='word_1_137' title='bbox 596 1777 664 1822; x_wconf 79' lang='lat' dir='ltr'>laetas</span> 
     </span>
     <span class='ocr_line' id='line_1_22' title="bbox 90 1853 540 1907; baseline -0.009 -10"><span class='ocrx_word' id='word_1_138' title='bbox 90 1855 161 1897; x_wconf 85' lang='lat' dir='ltr'>Placat</span> <span class='ocrx_word' id='word_1_139' title='bbox 171 1854 265 1896; x_wconf 88' lang='lat' dir='ltr'>odoratis</span> <span class='ocrx_word' id='word_1_140' title='bbox 275 1854 377 1895; x_wconf 82' lang='lat' dir='ltr'>herbosas</span> <span class='ocrx_word' id='word_1_141' title='bbox 386 1853 472 1907; x_wconf 71' lang='lat' dir='ltr'>ignibus</span> <span class='ocrx_word' id='word_1_142' title='bbox 482 1866 540 1903; x_wconf 84' lang='lat' dir='ltr'>aras;</span> 
     </span>
    </p>

    <p class='ocr_par' dir='ltr' id='par_1_12' title="bbox 89 1925 669 2201">
     <span class='ocr_line' id='line_1_23' title="bbox 90 1925 669 1984; baseline -0.005 -13"><span class='ocrx_word' id='word_1_143' title='bbox 90 1929 189 1984; x_wconf 83' lang='lat' dir='ltr'>Vinaque</span> <span class='ocrx_word' id='word_1_144' title='bbox 199 1929 235 1970; x_wconf 89' lang='lat' dir='ltr'>dat</span> <span class='ocrx_word' id='word_1_145' title='bbox 245 1927 334 1982; x_wconf 76' lang='lat' dir='ltr'>patetis,</span> <span class='ocrx_word' id='word_1_146' title='bbox 344 1935 533 1981; x_wconf 78' lang='lat' dir='ltr'>mactatarumque</span> <span class='ocrx_word' id='word_1_147' title='bbox 542 1925 669 1976; x_wconf 78' lang='lat' dir='ltr'>bidentum,</span> 
     </span>
     <span class='ocr_line' id='line_1_24' title="bbox 89 1996 643 2058; baseline -0.007 -15"><span class='ocrx_word' id='word_1_148' title='bbox 89 2003 147 2058; x_wconf 79' lang='lat' dir='ltr'>Quid</span> <span class='ocrx_word' id='word_1_149' title='bbox 156 2001 197 2043; x_wconf 86' lang='lat' dir='ltr'>sibi</span> <span class='ocrx_word' id='word_1_150' title='bbox 207 1999 337 2055; x_wconf 71' lang='lat' dir='ltr'>significent,</span> <span class='ocrx_word' id='word_1_151' title='bbox 348 1998 476 2054; x_wconf 83' lang='lat' dir='ltr'>trepidantia</span> <span class='ocrx_word' id='word_1_152' title='bbox 486 1996 579 2041; x_wconf 75' lang='lat' dir='ltr'>considit</span> <span class='ocrx_word' id='word_1_153' title='bbox 588 2008 643 2040; x_wconf 82' lang='lat' dir='ltr'>exta.</span> 
     </span>
     <span class='ocr_line' id='line_1_25' title="bbox 89 2071 645 2131; baseline -0.005 -16"><span class='ocrx_word' id='word_1_154' title='bbox 89 2077 142 2131; x_wconf 80' lang='lat' dir='ltr'>Qnae</span> <span class='ocrx_word' id='word_1_155' title='bbox 151 2073 217 2115; x_wconf 86' lang='lat' dir='ltr'>simul</span> <span class='ocrx_word' id='word_1_156' title='bbox 227 2073 319 2128; x_wconf 83' lang='lat' dir='ltr'>inspexit</span> <span class='ocrx_word' id='word_1_157' title='bbox 327 2074 441 2129; x_wconf 72' lang='lat' dir='ltr'>Tyrrhenae</span> <span class='ocrx_word' id='word_1_158' title='bbox 450 2071 519 2127; x_wconf 66' lang='lat' dir='ltr'>gentis</span> <span class='ocrx_word' id='word_1_159' title='bbox 528 2071 645 2126; x_wconf 76' lang='lat' dir='ltr'>haruspex,</span> 
     </span>
     <span class='ocr_line' id='line_1_26' title="bbox 90 2145 631 2201; baseline -0.007 -11"><span class='ocrx_word' id='word_1_160' title='bbox 90 2151 168 2201; x_wconf 73' lang='lat' dir='ltr'>Magna</span> <span class='ocrx_word' id='word_1_161' title='bbox 178 2147 267 2200; x_wconf 86' lang='lat' dir='ltr'>quidem</span> <span class='ocrx_word' id='word_1_162' title='bbox 276 2160 350 2188; x_wconf 83' lang='lat' dir='ltr'>rerum</span> <span class='ocrx_word' id='word_1_163' title='bbox 360 2146 474 2188; x_wconf 86' lang='lat' dir='ltr'>molimina</span> <span class='ocrx_word' id='word_1_164' title='bbox 484 2145 631 2195; x_wconf 67' lang='lat' dir='ltr'>adulantis,</span> 
     </span>
    </p>

    <p class='ocr_par' dir='ltr' id='par_1_13' title="bbox 91 2206 652 2277">
     <span class='ocr_line' id='line_1_27' title="bbox 91 2206 652 2277; baseline 0.002 -16"><span class='ocrx_word' id='word_1_165' title='bbox 91 2221 142 2261; x_wconf 84' lang='lat' dir='ltr'>Nou</span> <span class='ocrx_word' id='word_1_166' title='bbox 151 2206 266 2260; x_wconf 58' lang='lat' dir='ltr'>manifesti</span> <span class='ocrx_word' id='word_1_167' title='bbox 275 2228 354 2261; x_wconf 82' lang='lat' dir='ltr'>tamen.</span> <span class='ocrx_word' id='word_1_168' title='bbox 364 2220 438 2277; x_wconf 78' lang='lat' dir='ltr'>Quum</span> <span class='ocrx_word' id='word_1_169' title='bbox 448 2233 498 2261; x_wconf 88' lang='lat' dir='ltr'>vero</span> <span class='ocrx_word' id='word_1_170' title='bbox 507 2218 595 2262; x_wconf 79' lang='lat' dir='ltr'>sustulit</span> <span class='ocrx_word' id='word_1_171' title='bbox 603 2232 652 2262; x_wconf 81' lang='lat' dir='ltr'>acre</span> 
     </span>
    </p>
   </div>
   <div class='ocr_carea' id='block_1_4' title="bbox 0 0 850 2584">
    <p class='ocr_par' dir='ltr' id='par_1_14' title="bbox 0 0 850 2584">
     <span class='ocr_line' id='line_1_28' title="bbox 0 0 850 2584; baseline 0 0"><span class='ocrx_word' id='word_1_172' title='bbox 0 0 850 2584; x_wconf 95' lang='lat' dir='ltr'> </span> 
     </span>
    </p>
   </div>
  </div>
 </body>
</html>
