1667 2584
76 196 159 248 v.687.
306 193 406 243 urent
424 195 495 236 xlv,
679 199 715 240 161

76 284 131 340 Quid
138 314 145 332 ‚
151 282 213 336 quod
220 279 300 324 ametis
307 281 364 323 idem
370 287 377 322 t
383 283 443 337 quod
449 315 455 331 ‚
462 296 511 339 quet
518 283 556 326 tibi
565 298 630 339 pomo
637 285 746 337 coluntur,

76 357 161 397 Primus
171 355 251 405 habet,
260 354 351 408 letoque
361 364 418 397 tenet
429 365 466 397 tue
475 368 565 399 munera
574 358 659 401 dextre?

77 430 116 471 Sed
125 442 198 484 neque
205 428 255 482 jam
266 426 322 470 letus
331 428 438 473 desiderat
446 430 524 472 arbore
532 431 627 481 demtos.

78 504 134 553 Nec,
142 515 199 558 quas
209 502 344 551 hortantis,
354 516 405 545 curu
415 504 484 546 succis
494 505 583 548 mitibus
592 506 680 558 herbas,

79 577 122 618 Nec
130 576 268 631 quidquam,
277 574 317 617 nisi
329 586 355 617 te.
366 576 464 618 Miserere
473 577 566 620 ardentis
574 594 579 629 ;
589 579 702 639 reipsum,

80 648 120 705 Qui
129 648 199 703 petit,
208 660 246 688 ore
256 660 305 689 meo
315 658 442 702 presentem
451 648 514 691 crede
523 650 605 705 precari
614 665 618 688 ι

81 720 208 774 Ultoresque
217 721 282 769 Deos,
292 730 314 761 et
323 728 410 774 pectora
418 720 474 763 duro
483 734 582 775 perosum

82 793 175 840 ldolien.
186 805 351 847 memoremque
362 792 414 835 time
423 793 577 847 Rhamnusidis
586 794 649 836 iram.

82 867 173 922 Quoque
184 864 253 918 magis
264 864 339 906 timess
346 864 440 921 (etenim
451 866 504 908 mibi
515 867 584 913 multe
593 877 686 911 vetustus

83 939 139 981 Scire
149 937 234 992 dedit),
244 946 290 979 tota
299 937 392 980 referem
401 939 514 982 notissima
522 943 592 997 Cypro

83 1012 158 1061 Facto,
167 1010 249 1065 quibus
258 1009 315 1052 llecti
325 1008 386 1052 heile
395 1021 417 1052 et
427 1012 537 1055 mitescere
545 1014 619 1068 possis.

75 1174 85 1205 t
112 1158 159 1199 Xll.
173 1173 185 1195 o
192 1157 291 1197 Vrbem
300 1170 313 1198 a
322 1156 397 1199 veteris
406 1170 533 1211 generosum
542 1159 645 1215 sanguiue
654 1159 730 1202 Teucri

14 1216 16 1299 l
85 1229 143 1286 lphis
151 1232 298 1278 Anaxareten,
308 1228 385 1271 humili
396 1230 423 1272 de
432 1229 497 1285 stirpe
506 1239 597 1274 oreatus.

86 1302 187 1352 Viderat,
196 1311 219 1343 et
229 1301 279 1344 totis
288 1311 411 1356 perceperat
418 1303 503 1345 ossibus
512 1313 595 1348 nestum,

86 1374 288 1429 Luctatusquediu.
298 1384 413 1429 postquam
424 1376 506 1418 ratione
516 1376 613 1421 furorem

86 1450 178 1491 Vincere
187 1461 232 1488 nou
242 1446 325 1502 potuit.
334 1448 423 1503 supplex
432 1450 460 1491 nd
469 1449 545 1493 limina
554 1452 623 1494 venit:

86 1525 112 1566 Et
121 1523 188 1564 modo
198 1520 278 1563 nutrici
288 1520 392 1564 miserum
401 1522 511 1566 confessus
521 1539 630 1575 umorem,

86 1597 118 1638 Ne
127 1596 170 1638 sibi
179 1595 235 1636 dura
245 1592 311 1643 foret,
320 1608 359 1648 per
366 1608 413 1650 spes
423 1598 493 1638 orarit
500 1596 607 1651 alumne;

86 1671 111 1711 lit
120 1669 187 1711 modo
196 1667 224 1708 de
233 1665 309 1708 multis
318 1666 428 1710 blanditus
436 1669 515 1724 cuique
523 1672 637 1725 ministris,

87 1742 183 1786 Sollicita
192 1739 255 1795 petiit
264 1752 396 1795 propensum
405 1755 456 1783 voce
466 1741 569 1786 furorem.

86 1819 145 1873 Saepe
154 1814 245 1858 ferenda
254 1813 313 1857 dedit
321 1814 405 1858 blandis
414 1830 455 1859 sue
463 1818 528 1860 verbu
537 1819 632 1863 tabellis:

85 1891 198 1934 interdum
208 1886 306 1929 madidas
316 1887 462 1945 lacrymarum
472 1904 520 1933 roro
529 1905 620 1935 coronae

86 1964 186 2006 Postibus
195 1959 300 2009 intendit,
310 1962 425 2023 posuitque
432 1963 456 2004 in
466 1964 541 2006 limine
550 1966 605 2007 duro

87 2037 151 2081 llolle
161 2037 231 2084 latus,
241 2033 338 2087 tristique
347 2049 398 2078 sere
406 2037 503 2080 convicia
512 2038 568 2080 fecit.

55 2106 59 2112 ’
87 2112 178 2156 Surdior
187 2108 226 2150 illa
235 2105 291 2148 freto
300 2116 410 2163 surgente,
421 2111 546 2152 cedentibus
557 2111 635 2159 aedis.

86 2185 167 2229 Durior
176 2192 200 2225 et
209 2179 279 2232 ferro,
288 2182 346 2236 quod
357 2185 374 2225 N
377 2184 449 2226 oricus
457 2182 557 2236 excoquit
565 2183 633 2237 ignis,
703 2244 710 2255 .
