1667 2584
106 237 145 280 ipo
253 222 583 266 Martaoaaflosaou
656 225 738 264 abac.

103 316 143 358 Sed
153 324 225 357 tamen
234 314 270 356 ille
279 328 318 371 ego
327 327 384 373 sum.
394 315 428 356 Me
437 313 560 369 Pasiphaeia
568 312 680 368 quondam

102 388 219 429 'lentatum
229 385 321 437 frustra,
330 386 426 443 patrium
437 395 552 431 temerasse
560 383 631 428 cubile

102 462 165 519 Quod
175 461 251 511 voluit,
261 460 323 503 finxit
333 460 434 510 voluisse,
444 469 466 503 et
474 460 565 502 cumino
575 472 647 511 verso,

102 533 206 575 lncliciine
216 543 276 576 metu
285 533 363 589 magis.
373 531 484 575 offensane
494 531 594 587 repulsae,

102 608 190 664 Arguit:
200 608 378 663 immeritamque
387 616 449 663 pater
456 606 547 663 projecit
555 607 583 648 ab
592 607 658 655 urbe,

102 682 220 737 llostiliqne
229 692 294 738 eaput
301 696 363 738 prece
372 683 492 724 detestatur
498 681 576 724 cunas.

103 754 208 797 Pittheam
218 755 310 812 profugo
319 769 385 797 curru
395 756 495 797 Troeaena
504 754 617 810 petebam,

103 828 195 882 lamque
203 827 334 871 Corinthiaci
343 829 458 884 carpebam
467 827 531 870 litora
540 826 613 882 ponti,

104 901 176 958 Quum
188 914 247 943 mare
256 901 358 952 surrexit,
368 899 513 955 cumulusque
521 897 624 941 immanis
633 911 745 954 aquarum

104 976 130 1017 ln
140 975 219 1016 montis
228 974 320 1030 speciem
330 974 414 1016 curvari
424 984 445 1017 et
454 987 546 1016 creseere
554 973 622 1022 risus,

104 1051 130 1092 Et
139 1050 189 1091 dare
199 1050 305 1104 mugitus,
315 1062 446 1105 summoque
455 1048 567 1091 cacumine
577 1046 638 1089 findi.

104 1122 207 1178 Corniger
218 1122 268 1164 hinc
278 1132 353 1164 taurus
362 1123 431 1178 ruptis
440 1121 553 1178 expellitur
562 1120 638 1171 undis,

101 1194 268 1250 Pectoribnsque
277 1204 340 1238 tenus
349 1195 424 1237 molles
433 1194 550 1241 erectusiu
556 1207 632 1247 auras,

103 1267 197 1309 Naribus
204 1277 226 1310 et
234 1267 309 1323 patulo
318 1277 402 1324 partem
412 1267 478 1310 maris
487 1255 568 1309 eromit
576 1280 620 1308 ore.

102 1341 171 1383 Corda
181 1350 259 1395 pavent
268 1342 374 1384 comitum
383 1357 389 1382 t
398 1341 453 1383 mihi
462 1354 524 1384 meus
533 1339 632 1383 interrita
642 1341 738 1392 mansit,

104 1412 187 1459 Exsiliis
195 1422 297 1455 contenta
306 1414 360 1465 suis;
371 1427 441 1469 quum
450 1414 505 1456 colla
514 1414 596 1456 broces

102 1485 133 1530 Ad
141 1484 196 1528 freta
206 1496 344 1538 convertant,
354 1487 484 1542 arrectisque
493 1487 582 1529 auribus
591 1487 684 1529 horrent

102 1559 266 1617 Quadrupedes,
276 1560 409 1615 monstrique
420 1570 481 1611 mear
490 1561 612 1610 turbantur,
623 1569 645 1602 et
654 1559 706 1603 altis

102 1632 237 1688 Praecipiunt
245 1646 334 1674 curram
344 1632 444 1688 seopulis.
454 1635 497 1689 Epo
506 1634 649 1675 duceremus

102 1707 170 1746 Frena
179 1720 257 1757 manu,
267 1706 350 1761 spumis
358 1706 480 1749 albentibus
489 1705 567 1758 oblita,
576 1704 659 1757 ltfrtor3

102 1781 128 1820 Et
137 1788 194 1821 retro
204 1780 272 1822 lentas
282 1781 346 1823 tendo
355 1782 468 1837 resupinus
477 1782 579 1824 habenas.

103 1852 148 1893 Nec
158 1852 212 1893 rires
223 1862 295 1895 tamen
304 1854 343 1895 has
353 1854 423 1895 rabies
432 1863 551 1910 superasset
560 1867 681 1909 equorum,

103 1923 130 1964 Ni
139 1933 197 1974 rota,
207 1935 337 1979 perpetuum
346 1939 389 1979 qua
398 1926 656 1977 circnmverritnraxem,

101 1993 182 2047 stipitis
192 2008 282 2037 occursu
292 1995 361 2038 fracta
368 2010 393 2037 ac
402 1997 490 2052 disjecta
500 1997 582 2040 fuisset.

102 2066 202 2107 Excutior
211 2080 288 2109 curru:
299 2068 392 2123 lorisque
403 2071 526 2113 tenentibus
534 2080 594 2112 artus

103 2134 188 2176 Viscera
198 2137 243 2178 riva
254 2139 321 2191 trahi,
331 2154 407 2184 nervos
417 2142 440 2184 in
449 2143 602 2198 stirpeteneri‚

100 2206 199 2252 Membra
208 2210 253 2264 r'api
263 2212 355 2266 partim,
365 2215 445 2269 partim
454 2229 554 2274 reprensa
563 2216 667 2277 relinqui,
