1667 2584
116 218 156 249 too
265 200 595 245 unrtnonettostort
668 212 690 241 v.
707 213 760 257 129,

112 293 162 335 Non
172 290 228 333 foret
237 290 354 346 ambiguus
364 289 417 333 tanti
427 289 550 332 certaminis
559 289 634 331 heres:

111 366 187 420 Tuque
196 365 239 407 tuis
248 364 325 415 armis,
335 378 374 406 nos
384 373 405 406 te
415 372 547 419 poteremur.
557 362 643 405 Achille.

111 441 182 498 Quem
191 439 295 494 quoniam
304 452 349 480 non
358 453 420 494 aequa
430 438 484 480 milti
494 439 596 493 vobisque
607 444 719 493 negarunt

112 514 162 555 Fata
173 510 297 569 (manuque
305 510 371 553 simul
382 510 447 553 veluti
458 510 599 567 lacrymantia
608 511 670 554 tersit

111 584 229 641 Lumina),
239 585 287 640 quis
297 599 376 640 magno
385 583 463 626 melius
472 584 573 626 succedat
581 582 670 633 Achilli,

112 660 184 717 Quam
193 672 231 714 per
240 668 306 714 quem
316 671 408 712 maguus
417 656 495 699 Danais
504 656 605 699 successit
613 655 721 700 Achillen

112 733 166 775 lluic
175 734 241 775 modo
250 747 277 774 ne
286 733 364 788 prosit,
374 731 444 788 quod,
455 741 480 774 ut
488 741 531 780 est,
541 731 606 773 hebes
615 744 661 774 esse
670 733 764 776 videtur
773 748 779 773 z

111 808 169 848 Neve
180 806 233 849 mihi
243 815 330 856 nocent,
340 806 399 861 quod
409 804 469 846 vohis
478 816 569 860 semper,
579 804 665 856 Achivi,

111 880 196 922 Proluit
204 880 327 935 ingenium
338 893 430 934 meaque
439 878 484 920 haec
494 876 607 927 facundia,
617 878 634 921 si
644 888 746 934 quaest,

112 954 164 1009 Quae
173 966 231 993 nunc
241 965 281 1007 pro
290 952 392 1001 domino,
402 965 441 1007 pro
451 952 510 993 vohis
518 951 574 1006 sepe
583 950 657 994 locuta
665 961 710 1004 est,

112 1025 194 1068 invidia
203 1033 274 1066 careat
283 1040 288 1063 :
298 1026 355 1066 bonu
365 1038 404 1066 nec
413 1039 453 1067 sua
462 1024 553 1080 quisque
563 1032 654 1068 recuset.

111 1101 168 1142 liam
178 1111 256 1153 genus,
266 1108 287 1141 et
297 1112 399 1154 proavos,
409 1108 431 1141 et
440 1112 487 1154 quae
497 1111 541 1141 non
552 1097 645 1141 lecimus
656 1099 710 1156 ipsi,

111 1171 152 1215 Vix
161 1185 186 1214 eu
195 1180 269 1214 nostra
278 1186 338 1214 voco.
348 1173 388 1214 Sed
397 1172 469 1222 eninr,
478 1171 529 1227 quia
540 1170 613 1214 retulit
622 1171 675 1227 tjar

111 1249 160 1289 Esse
169 1246 227 1289 lovis
236 1261 355 1303 pronepos,
365 1247 433 1289 nostri
443 1258 529 1302 quoque
539 1245 650 1302 sanguinis
660 1254 741 1290 auctor

110 1320 194 1375 Jupiter
203 1328 245 1368 est,
256 1319 389 1375 totidemque
399 1319 478 1374 gradus
488 1319 594 1361 distamus
602 1307 630 1360 ab
641 1317 687 1360 illo.

110 1394 167 1434 Nam
178 1390 231 1432 mihi
241 1393 323 1433 Laertes
333 1402 394 1446 pater
403 1401 447 1441 est,
456 1392 553 1433 Arcesius
563 1389 605 1441 illi,

111 1464 194 1520 Jupiter
202 1464 266 1514 huic;
275 1477 345 1519 neque
354 1464 377 1505 in
386 1464 420 1506 his
429 1464 544 1519 quisquam
550 1465 672 1507 damnatus
682 1475 705 1510 et
713 1468 787 1511 exsul.

110 1542 146 1583 Est
155 1550 241 1594 quoque
250 1550 288 1593 per
299 1546 391 1578 matrem
401 1536 509 1593 Cyllenius
519 1537 592 1579 addita
602 1536 666 1580 nobis

110 1612 180 1655 Altera
190 1609 303 1653 nobilitas:
313 1610 369 1650 lleus
379 1609 443 1650 estin
453 1619 545 1664 utroque
555 1618 651 1664 parente.

139 1684 196 1725 «Sed
206 1696 275 1738 neque
285 1691 383 1724 materno
392 1681 452 1736 qnod
461 1694 510 1723 sum
520 1681 643 1736 generosior
653 1692 716 1736 ortu,

110 1757 154 1798 Nec
165 1754 230 1804 mihi,
239 1755 298 1809 quod
307 1763 368 1809 pater
376 1763 408 1795 est
416 1751 507 1795 fraterni
515 1753 625 1809 sauguinis
634 1754 723 1807 insons,

108 1825 219 1883 Proposita
228 1839 289 1867 urmu
298 1836 361 1880 peto:
371 1825 454 1867 meritis
463 1824 575 1880 expendite
584 1837 682 1869 eausam.

109 1899 233 1943 Dummodo
242 1898 300 1951 quod
311 1896 387 1939 fratres
396 1897 500 1940 Telamon
509 1897 625 1953 Peleusque
635 1898 741 1953 fuerunt,

108 1974 178 2028 Aiacis
188 1969 290 2013 meritum
300 1970 395 2013 nonsit:
405 1983 445 2013 nec
454 1971 565 2027 sanguinis
575 1972 641 2025 ordo,

108 2044 148 2086 Sed
158 2043 242 2085 virtutis
250 2043 320 2083 honos
330 2041 402 2097 spoliis
411 2054 521 2099 queratur
531 2044 616 2086 inistis.

108 2116 151 2157 huc
159 2115 177 2156 si
186 2114 311 2169 proximitas
320 2114 446 2170 primusque
456 2117 573 2171 requiritur
581 2117 655 2170 heres,

109 2186 329 2241 megenhardus,
339 2196 371 2228 est
379 2188 472 2244 Pyrrhus
481 2188 539 2231 filius
548 2189 586 2233 illi.
