1667 2584
77 206 162 247 v.528.
321 205 421 250 maen
438 208 470 247 11.

111 291 136 332 Et
146 291 212 333 mede
222 291 326 334 maternis
336 301 391 334 tecla
401 292 485 335 viderur
494 293 562 349 aquis.

78 362 137 406 Bella
146 376 226 408 sonant
234 366 282 418 alii,
292 365 339 409 telis
347 366 453 410 instructa
462 368 568 409 cruentis:

110 440 204 494 Parsque
214 440 246 483 tui
255 440 349 496 generis,
359 454 408 497 pars
420 452 457 484 tua
467 439 525 483 facta
534 451 622 484 canunt.

77 513 154 556 lnvida
163 528 200 557 me
208 515 278 572 spacio
288 518 371 560 Natura
381 516 556 567 colemnitatem,

108 588 199 643 ingenie
208 588 262 632 vires
272 589 401 647 exiguasque
410 590 476 633 dedit.

77 661 105 702 Et
115 669 190 703 tamen
200 660 236 704 ille
245 672 287 705 ture
296 662 347 706 lelix
357 663 455 705 AEneidoa
464 670 541 705 auctor

108 731 208 775 Contulit
216 733 239 775 iu
248 733 323 794 Tyrios
332 748 394 778 arma
403 734 518 791 virumque
528 743 598 777 toros:

79 806 125 848 Nec
135 804 215 862 legitur
223 821 272 864 pare
282 808 326 851 ulln
336 808 404 866 magis
413 809 440 851 de
449 822 539 865 corpure
548 817 606 860 leto,

109 881 181 938 Quam
191 894 238 923 nen
246 882 343 938 legitime
354 882 531 939 fuderejunctus
541 895 610 924 amor.

78 951 184 1009 Phyllidis
193 953 228 996 hic
237 954 308 1006 idem,
318 964 446 1011 tenerosque
455 953 591 1012 Amaryllidis
600 953 669 1011 ignes,

110 1024 215 1068 Bucolicis
221 1025 309 1082 juvenis
317 1026 398 1071 luserat
406 1039 457 1071 anre
466 1028 543 1070 medis.

79 1097 127 1141 Nos
136 1112 224 1155 queque
230 1099 280 1156 jam
289 1101 374 1157 pridem
383 1102 464 1157 scriptu
473 1101 609 1158 peccavimus
618 1114 675 1151 unu,-

109 1172 247 1229 Supplicium
256 1175 338 1231 patitur
347 1189 392 1220 nen
400 1189 458 1217 nova
466 1174 531 1231 culpa
540 1187 630 1216 novum.

78 1246 227 1301 carminaque
236 1247 358 1298 edideram.
368 1262 439 1303 quum
449 1259 470 1290 te
479 1246 557 1290 delicta
566 1257 681 1292 numerem

110 1319 205 1363 Praeterii
215 1321 277 1364 torius
283 1320 334 1378 jure
343 1320 431 1377 quietus
439 1335 511 1376 eques.
551 1305 554 1312 Ι

78 1395 150 1448 Ergo,
159 1406 207 1448 quae
211 1393 290 1449 juveni
299 1392 353 1435 mihi
363 1406 409 1435 non
417 1392 517 1436 nocitura
527 1394 601 1450 putavi

110 1468 195 1522 Scripta
204 1479 283 1522 parum
292 1466 398 1523 prudens,
408 1480 467 1509 nuuc
476 1480 570 1511 necuere
578 1467 636 1511 seni?

80 1543 134 1584 Sera
144 1540 273 1583 redundavit
282 1541 358 1584 veteris
368 1541 462 1584 vindicta
471 1542 549 1595 libelli3

111 1615 181 1656 Distat
189 1622 211 1657 et
220 1628 234 1656 a
243 1614 315 1658 meriti
325 1624 422 1671 tempure
430 1628 495 1671 poena
502 1616 543 1657 eui.

79 1691 116 1732 Ne
127 1699 202 1732 tamen
211 1703 277 1733 omne
286 1704 362 1733 meum
371 1690 446 1733 credas
455 1704 511 1746 epus
520 1705 564 1733 esec
574 1690 702 1741 remissum

110 1765 170 1820 Saepe
180 1764 229 1807 dedi
239 1774 317 1809 nostru
325 1764 416 1822 grandia
424 1763 471 1807 cela
480 1764 528 1806 rati.

80 1840 122 1880 Sex
131 1850 172 1893 ego
181 1839 294 1881 Fastorum
304 1837 378 1894 scripsi
385 1837 522 1892 eundemque
532 1835 626 1889 libellum

111 1914 213 1968 Cumque
221 1926 261 1955 auo
271 1912 338 1956 finem
348 1927 422 1955 meme
430 1911 534 1955 volumen
543 1912 615 1955 heber.

81 1987 151 2041 idque
161 1995 200 2028 tue
209 2000 279 2044 nuper
287 1987 394 2043 scriptum
402 1988 445 2029 sub
454 1987 556 2037 numine,
565 1989 642 2039 Gaesar,

111 2062 137 2101 Et
148 2058 187 2100 cibi
196 2069 306 2102 sacratum
315 2073 361 2102 sors
370 2073 420 2102 mea
429 2059 488 2116 rupit
497 2073 558 2115 opus.

82 2137 108 2177 Et
118 2133 218 2176 dedimus
228 2134 313 2191 tragicis
321 2134 427 2190 scripturn
438 2133 507 2190 regale
516 2133 641 2185 cothurnis;

113 2208 209 2265 Quaque
218 2207 287 2264 pravis
296 2208 360 2251 debet
370 2209 435 2252 verba
444 2208 564 2252 cothurnus
573 2207 645 2251 hahet⁴
